{"BEL": [{"condition_id": "0xed9de742d756773a02fa1169d25186bae85d14ed268b3e11d97ef34f2d2ba430", "token_id": "53562257985549649635185293427490671390377096151933235231315443242019359361289", "wallet": "0x542580850825626ae10fbeeaa95467fd7dc08b3a", "side": "BUY", "outcome": "No", "outcome_index": 1, "size": 12.727271, "price": 0.549999996071428, "timestamp": 1781546469, "tx_hash": "0x10725be28aaa21cd10a2567c3021dec60e30825ecf65d7a54e5b24d398d003dd"}, {"condition_id": "0xed9de742d756773a02fa1169d25186bae85d14ed268b3e11d97ef34f2d2ba430", "token_id": "65794881715216923685510781517851498591681177279802017791845493931610986464630", "wallet": "0xa697d0b3fff7d285a0f92d6ee03a7f97809e59d5", "side": "BUY", "outcome": "Yes", "outcome_index": 0, "size": 12.727271, "price": 0.450000003928572, "timestamp": 1781546469, "tx_hash": "0x10725be28aaa21cd10a2567c3021dec60e30825ecf65d7a54e5b24d398d003dd"}, {"condition_id": "0xed9de742d756773a02fa1169d25186bae85d14ed268b3e11d97ef34f2d2ba430", "token_id": "65794881715216923685510781517851498591681177279802017791845493931610986464630", "wallet": "0x42ceb16d6ad807402dea199fce110250beb6d2cb", "side": "BUY", "outcome": "Yes", "outcome_index": 0, "size": 21.739129, "price": 0.45999998435999895, "timestamp": 1781546455, "tx_hash": "0x3b46ff82985143731f48a0acfd8fd1c9a7ebacd539fc61131883e867c7f10e2d"}, {"condition_id": "0xed9de742d756773a02fa1169d25186bae85d14ed268b3e11d97ef34f2d2ba430", "token_id": "53562257985549649635185293427490671390377096151933235231315443242019359361289", "wallet": "0x0346afae2603313d2bbee96b628536c8cbe352a5", "side": "BUY", "outcome": "No", "outcome_index": 1, "size": 21.739129, "price": 0.540000015640001, "timestamp": 1781546455, "tx_hash": "0x3b46ff82985143731f48a0acfd8fd1c9a7ebacd539fc61131883e867c7f10e2d"}, {"condition_id": "0xed9de742d756773a02fa1169d25186bae85d14ed268b3e11d97ef34f2d2ba430", "token_id": "65794881715216923685510781517851498591681177279802017791845493931610986464630", "wallet": "0xddcf7e9c9e5e59a959ec633552772c7812cecbf5", "side": "BUY", "outcome": "Yes", "outcome_index": 0, "size": 43.478259, "price": 0.45999999677999986, "timestamp": 1781546454, "tx_hash": "0xb4e2f63800693677c082762f4091823f04d118fcb2723a155cb078512f591620"}, {"condition_id": "0xed9de742d756773a02fa1169d25186bae85d14ed268b3e11d97ef34f2d2ba430", "token_id": "53562257985549649635185293427490671390377096151933235231315443242019359361289", "wallet": "0x0346afae2603313d2bbee96b628536c8cbe352a5", "side": "BUY", "outcome": "No", "outcome_index": 1, "size": 43.478259, "price": 0.5400000032200002, "timestamp": 1781546454, "tx_hash": "0xb4e2f63800693677c082762f4091823f04d118fcb2723a155cb078512f591620"}, {"condition_id": "0xed9de742d756773a02fa1169d25186bae85d14ed268b3e11d97ef34f2d2ba430", "token_id": "65794881715216923685510781517851498591681177279802017791845493931610986464630", "wallet": "0x5238bfb4937b5e29c6f54a9cab07e3357a64ba99", "side": "BUY", "outcome": "Yes", "outcome_index": 0, "size": 17.391303, "price": 0.4599999781499983, "timestamp": 1781546421, "tx_hash": "0xff59c921f841bfa64942c8813f02765b5f357af82af5e30a23e5fbb31e05252c"}, {"condition_id": "0xed9de742d756773a02fa1169d25186bae85d14ed268b3e11d97ef34f2d2ba430", "token_id": "53562257985549649635185293427490671390377096151933235231315443242019359361289", "wallet": "0x0346afae2603313d2bbee96b628536c8cbe352a5", "side": "BUY", "outcome": "No", "outcome_index": 1, "size": 17.391303, "price": 0.5400000218500017, "timestamp": 1781546421, "tx_hash": "0xff59c921f841bfa64942c8813f02765b5f357af82af5e30a23e5fbb31e05252c"}, {"condition_id": "0xed9de742d756773a02fa1169d25186bae85d14ed268b3e11d97ef34f2d2ba430", "token_id": "53562257985549649635185293427490671390377096151933235231315443242019359361289", "wallet": "0xa0c04f54579744b9489b082d4f8919408d08d2a4", "side": "SELL", "outcome": "No", "outcome_index": 1, "size": 7.25, "price": 0.54, "timestamp": 1781546412, "tx_hash": "0x356e1fba296bb9ab400e5f489351aeb6194b3a1417141990ae5a6709bc715e58"}, {"condition_id": "0xed9de742d756773a02fa1169d25186bae85d14ed268b3e11d97ef34f2d2ba430", "token_id": "53562257985549649635185293427490671390377096151933235231315443242019359361289", "wallet": "0x0346afae2603313d2bbee96b628536c8cbe352a5", "side": "BUY", "outcome": "No", "outcome_index": 1, "size": 7.25, "price": 0.54, "timestamp": 1781546412, "tx_hash": "0x356e1fba296bb9ab400e5f489351aeb6194b3a1417141990ae5a6709bc715e58"}, {"condition_id": "0xed9de742d756773a02fa1169d25186bae85d14ed268b3e11d97ef34f2d2ba430", "token_id": "65794881715216923685510781517851498591681177279802017791845493931610986464630", "wallet": "0xe9076a87c5ed90ef16e6fe6529c943baeca0cff6", "side": "BUY", "outcome": "Yes", "outcome_index": 0, "size": 1055.282607, "price": 0.45999999979152506, "timestamp": 1781546356, "tx_hash": "0x90e28ee712fbdd03586963ce14363140763aefbd205991351275e21ddd941d25"}, {"condition_id": "0xed9de742d756773a02fa1169d25186bae85d14ed268b3e11d97ef34f2d2ba430", "token_id": "53562257985549649635185293427490671390377096151933235231315443242019359361289", "wallet": "0x0346afae2603313d2bbee96b628536c8cbe352a5", "side": "BUY", "outcome": "No", "outcome_index": 1, "size": 218.242607, "price": 0.5400000010080525, "timestamp": 1781546356, "tx_hash": "0x90e28ee712fbdd03586963ce14363140763aefbd205991351275e21ddd941d25"}, {"condition_id": "0xed9de742d756773a02fa1169d25186bae85d14ed268b3e11d97ef34f2d2ba430", "token_id": "53562257985549649635185293427490671390377096151933235231315443242019359361289", "wallet": "0xca8f1e675ecde5fa0f067c06be3bdfd2bfa55e05", "side": "BUY", "outcome": "No", "outcome_index": 1, "size": 499.99, "price": 0.54, "timestamp": 1781546356, "tx_hash": "0x90e28ee712fbdd03586963ce14363140763aefbd205991351275e21ddd941d25"}, {"condition_id": "0xed9de742d756773a02fa1169d25186bae85d14ed268b3e11d97ef34f2d2ba430", "token_id": "53562257985549649635185293427490671390377096151933235231315443242019359361289", "wallet": "0x50f4e5c79e05cd27bd08e47b70518732af2804d4", "side": "BUY", "outcome": "No", "outcome_index": 1, "size": 337.05, "price": 0.54, "timestamp": 1781546356, "tx_hash": "0x90e28ee712fbdd03586963ce14363140763aefbd205991351275e21ddd941d25"}, {"condition_id": "0xed9de742d756773a02fa1169d25186bae85d14ed268b3e11d97ef34f2d2ba430", "token_id": "65794881715216923685510781517851498591681177279802017791845493931610986464630", "wallet": "0xd1d82b5bf0438edb21dbdc050081edb1bc57cf06", "side": "BUY", "outcome": "Yes", "outcome_index": 0, "size": 152.173912, "price": 0.4599999965828571, "timestamp": 1781546353, "tx_hash": "0x0dd5d932073bcb5b0dff782fbe355b8ef85f25e70136bcfd1cadc9699f3a0201"}, {"condition_id": "0xed9de742d756773a02fa1169d25186bae85d14ed268b3e11d97ef34f2d2ba430", "token_id": "53562257985549649635185293427490671390377096151933235231315443242019359361289", "wallet": "0x50f4e5c79e05cd27bd08e47b70518732af2804d4", "side": "BUY", "outcome": "No", "outcome_index": 1, "size": 152.173912, "price": 0.5400000034171428, "timestamp": 1781546353, "tx_hash": "0x0dd5d932073bcb5b0dff782fbe355b8ef85f25e70136bcfd1cadc9699f3a0201"}, {"condition_id": "0xed9de742d756773a02fa1169d25186bae85d14ed268b3e11d97ef34f2d2ba430", "token_id": "65794881715216923685510781517851498591681177279802017791845493931610986464630", "wallet": "0xfc92bcf848b9f17f9eaedacedd918d48856a58e9", "side": "BUY", "outcome": "Yes", "outcome_index": 0, "size": 6.086955, "price": 0.4599999507142734, "timestamp": 1781546328, "tx_hash": "0x0a7dea628997810f90c25b91cc000e8d15eee7107096ee0ce5ca929337b3473c"}, {"condition_id": "0xed9de742d756773a02fa1169d25186bae85d14ed268b3e11d97ef34f2d2ba430", "token_id": "53562257985549649635185293427490671390377096151933235231315443242019359361289", "wallet": "0x50f4e5c79e05cd27bd08e47b70518732af2804d4", "side": "BUY", "outcome": "No", "outcome_index": 1, "size": 6.086955, "price": 0.5400000492857266, "timestamp": 1781546328, "tx_hash": "0x0a7dea628997810f90c25b91cc000e8d15eee7107096ee0ce5ca929337b3473c"}, {"condition_id": "0xed9de742d756773a02fa1169d25186bae85d14ed268b3e11d97ef34f2d2ba430", "token_id": "65794881715216923685510781517851498591681177279802017791845493931610986464630", "wallet": "0xffd548fe2bfc59bd0a08f0064dd4d447dfe8775c", "side": "BUY", "outcome": "Yes", "outcome_index": 0, "size": 2.173912, "price": 0.4599997607998852, "timestamp": 1781546323, "tx_hash": "0x6ceceb677052c3ef365b5282a180810b66b6fe0fd021bd2085926f887e6fe3c0"}, {"condition_id": "0xed9de742d756773a02fa1169d25186bae85d14ed268b3e11d97ef34f2d2ba430", "token_id": "53562257985549649635185293427490671390377096151933235231315443242019359361289", "wallet": "0x50f4e5c79e05cd27bd08e47b70518732af2804d4", "side": "BUY", "outcome": "No", "outcome_index": 1, "size": 2.173912, "price": 0.5400002392001149, "timestamp": 1781546323, "tx_hash": "0x6ceceb677052c3ef365b5282a180810b66b6fe0fd021bd2085926f887e6fe3c0"}, {"condition_id": "0xed9de742d756773a02fa1169d25186bae85d14ed268b3e11d97ef34f2d2ba430", "token_id": "65794881715216923685510781517851498591681177279802017791845493931610986464630", "wallet": "0x956b410dffd298da6dffef9ca72755f928b17eb1", "side": "BUY", "outcome": "Yes", "outcome_index": 0, "size": 54.347825, "price": 0.4599999907999998, "timestamp": 1781546307, "tx_hash": "0x72852382a62cb26f4a1376d298bd930133f98e49fb742de570b772df7383e375"}, {"condition_id": "0xed9de742d756773a02fa1169d25186bae85d14ed268b3e11d97ef34f2d2ba430", "token_id": "53562257985549649635185293427490671390377096151933235231315443242019359361289", "wallet": "0x50f4e5c79e05cd27bd08e47b70518732af2804d4", "side": "BUY", "outcome": "No", "outcome_index": 1, "size": 2.497825, "price": 0.5400002001741515, "timestamp": 1781546307, "tx_hash": "0x72852382a62cb26f4a1376d298bd930133f98e49fb742de570b772df7383e375"}, {"condition_id": "0xed9de742d756773a02fa1169d25186bae85d14ed268b3e11d97ef34f2d2ba430", "token_id": "53562257985549649635185293427490671390377096151933235231315443242019359361289", "wallet": "0x9d294762e06c4c505cd2b458af2ebe9db42afba4", "side": "BUY", "outcome": "No", "outcome_index": 1, "size": 51.85, "price": 0.54, "timestamp": 1781546307, "tx_hash": "0x72852382a62cb26f4a1376d298bd930133f98e49fb742de570b772df7383e375"}, {"condition_id": "0xed9de742d756773a02fa1169d25186bae85d14ed268b3e11d97ef34f2d2ba430", "token_id": "65794881715216923685510781517851498591681177279802017791845493931610986464630", "wallet": "0xd33f9479e02c5c6143452755d591ba31b62391a8", "side": "BUY", "outcome": "Yes", "outcome_index": 0, "size": 43.478259, "price": 0.45999999677999986, "timestamp": 1781546271, "tx_hash": "0x966d700e2fac57f823074a60baf1278ad2066c55bd2aaf5814d2da93f9570984"}, {"condition_id": "0xed9de742d756773a02fa1169d25186bae85d14ed268b3e11d97ef34f2d2ba430", "token_id": "53562257985549649635185293427490671390377096151933235231315443242019359361289", "wallet": "0x9d294762e06c4c505cd2b458af2ebe9db42afba4", "side": "BUY", "outcome": "No", "outcome_index": 1, "size": 43.478259, "price": 0.5400000032200002, "timestamp": 1781546271, "tx_hash": "0x966d700e2fac57f823074a60baf1278ad2066c55bd2aaf5814d2da93f9570984"}, {"condition_id": "0xed9de742d756773a02fa1169d25186bae85d14ed268b3e11d97ef34f2d2ba430", "token_id": "65794881715216923685510781517851498591681177279802017791845493931610986464630", "wallet": "0xe5fa7e692117f1b23f9d5bcd2d68d2a232eff2ce", "side": "BUY", "outcome": "Yes", "outcome_index": 0, "size": 8.695651, "price": 0.45999994709999287, "timestamp": 1781545771, "tx_hash": "0xd7c3dcf4d2e610f5ab724ed393dbf4f59c1c2b775bdc50559a3830f9b2ab031e"}, {"condition_id": "0xed9de742d756773a02fa1169d25186bae85d14ed268b3e11d97ef34f2d2ba430", "token_id": "53562257985549649635185293427490671390377096151933235231315443242019359361289", "wallet": "0x9d294762e06c4c505cd2b458af2ebe9db42afba4", "side": "BUY", "outcome": "No", "outcome_index": 1, "size": 8.695651, "price": 0.5400000529000072, "timestamp": 1781545771, "tx_hash": "0xd7c3dcf4d2e610f5ab724ed393dbf4f59c1c2b775bdc50559a3830f9b2ab031e"}, {"condition_id": "0xed9de742d756773a02fa1169d25186bae85d14ed268b3e11d97ef34f2d2ba430", "token_id": "65794881715216923685510781517851498591681177279802017791845493931610986464630", "wallet": "0x1f00b13b20c53919538d88013d71f6a90484e8db", "side": "BUY", "outcome": "Yes", "outcome_index": 0, "size": 15.0, "price": 0.46, "timestamp": 1781545666, "tx_hash": "0x3489c819dc4be13cbf7271b8c5a13d2b2893e888bdfec609b4d246b437aa5607"}, {"condition_id": "0xed9de742d756773a02fa1169d25186bae85d14ed268b3e11d97ef34f2d2ba430", "token_id": "53562257985549649635185293427490671390377096151933235231315443242019359361289", "wallet": "0x9d294762e06c4c505cd2b458af2ebe9db42afba4", "side": "BUY", "outcome": "No", "outcome_index": 1, "size": 15.0, "price": 0.54, "timestamp": 1781545666, "tx_hash": "0x3489c819dc4be13cbf7271b8c5a13d2b2893e888bdfec609b4d246b437aa5607"}, {"condition_id": "0xed9de742d756773a02fa1169d25186bae85d14ed268b3e11d97ef34f2d2ba430", "token_id": "65794881715216923685510781517851498591681177279802017791845493931610986464630", "wallet": "0xc217d0e5754946fbee1f1e7b5680c9e2d9aefd5a", "side": "BUY", "outcome": "Yes", "outcome_index": 0, "size": 760.869564, "price": 0.45999999942171427, "timestamp": 1781545567, "tx_hash": "0xcea25186eac3c0abcf60434a92e082c123cc0a7a1e2c9775aa6b37a8a5191e6a"}, {"condition_id": "0xed9de742d756773a02fa1169d25186bae85d14ed268b3e11d97ef34f2d2ba430", "token_id": "53562257985549649635185293427490671390377096151933235231315443242019359361289", "wallet": "0x9d294762e06c4c505cd2b458af2ebe9db42afba4", "side": "BUY", "outcome": "No", "outcome_index": 1, "size": 760.869564, "price": 0.5400000005782857, "timestamp": 1781545567, "tx_hash": "0xcea25186eac3c0abcf60434a92e082c123cc0a7a1e2c9775aa6b37a8a5191e6a"}, {"condition_id": "0xed9de742d756773a02fa1169d25186bae85d14ed268b3e11d97ef34f2d2ba430", "token_id": "65794881715216923685510781517851498591681177279802017791845493931610986464630", "wallet": "0xe9076a87c5ed90ef16e6fe6529c943baeca0cff6", "side": "BUY", "outcome": "Yes", "outcome_index": 0, "size": 10.543477, "price": 0.4599999601649437, "timestamp": 1781545560, "tx_hash": "0x8f6c087d02dddfb56da7b356cc84a10d4cfab1cc29ff1acf00eba199d699e56b"}, {"condition_id": "0xed9de742d756773a02fa1169d25186bae85d14ed268b3e11d97ef34f2d2ba430", "token_id": "53562257985549649635185293427490671390377096151933235231315443242019359361289", "wallet": "0x9d294762e06c4c505cd2b458af2ebe9db42afba4", "side": "BUY", "outcome": "No", "outcome_index": 1, "size": 10.543477, "price": 0.5400000398350563, "timestamp": 1781545560, "tx_hash": "0x8f6c087d02dddfb56da7b356cc84a10d4cfab1cc29ff1acf00eba199d699e56b"}, {"condition_id": "0xed9de742d756773a02fa1169d25186bae85d14ed268b3e11d97ef34f2d2ba430", "token_id": "65794881715216923685510781517851498591681177279802017791845493931610986464630", "wallet": "0xca960e6c3e76a82372bf714b2c73e229365106f6", "side": "BUY", "outcome": "Yes", "outcome_index": 0, "size": 51.5, "price": 0.46, "timestamp": 1781545459, "tx_hash": "0xe1e69cb562b3c55eccfcc075d93913f8470c5a327378b479aa511cdddee23c94"}, {"condition_id": "0xed9de742d756773a02fa1169d25186bae85d14ed268b3e11d97ef34f2d2ba430", "token_id": "53562257985549649635185293427490671390377096151933235231315443242019359361289", "wallet": "0x9d294762e06c4c505cd2b458af2ebe9db42afba4", "side": "BUY", "outcome": "No", "outcome_index": 1, "size": 51.5, "price": 0.54, "timestamp": 1781545459, "tx_hash": "0xe1e69cb562b3c55eccfcc075d93913f8470c5a327378b479aa511cdddee23c94"}, {"condition_id": "0xed9de742d756773a02fa1169d25186bae85d14ed268b3e11d97ef34f2d2ba430", "token_id": "53562257985549649635185293427490671390377096151933235231315443242019359361289", "wallet": "0x076daa87c4fe1a85402a9b6b8e0a866224388d4c", "side": "BUY", "outcome": "No", "outcome_index": 1, "size": 344.436362, "price": 0.5499999997096706, "timestamp": 1781545326, "tx_hash": "0x8f956cd7419eb0bc1a60ca23734c79faa44416ba03fc12a1bba8825c9c644648"}, {"condition_id": "0xed9de742d756773a02fa1169d25186bae85d14ed268b3e11d97ef34f2d2ba430", "token_id": "65794881715216923685510781517851498591681177279802017791845493931610986464630", "wallet": "0xa697d0b3fff7d285a0f92d6ee03a7f97809e59d5", "side": "BUY", "outcome": "Yes", "outcome_index": 0, "size": 190.796362, "price": 0.450000000524119, "timestamp": 1781545326, "tx_hash": "0x8f956cd7419eb0bc1a60ca23734c79faa44416ba03fc12a1bba8825c9c644648"}, {"condition_id": "0xed9de742d756773a02fa1169d25186bae85d14ed268b3e11d97ef34f2d2ba430", "token_id": "65794881715216923685510781517851498591681177279802017791845493931610986464630", "wallet": "0x9dec18e915f1dea5fda2c890f43edcd63469a572", "side": "BUY", "outcome": "Yes", "outcome_index": 0, "size": 22.0, "price": 0.45, "timestamp": 1781545326, "tx_hash": "0x8f956cd7419eb0bc1a60ca23734c79faa44416ba03fc12a1bba8825c9c644648"}, {"condition_id": "0xed9de742d756773a02fa1169d25186bae85d14ed268b3e11d97ef34f2d2ba430", "token_id": "65794881715216923685510781517851498591681177279802017791845493931610986464630", "wallet": "0x7d0e41915dd94259bbe9dae12d33b1c26d304f01", "side": "BUY", "outcome": "Yes", "outcome_index": 0, "size": 6.0, "price": 0.45, "timestamp": 1781545326, "tx_hash": "0x8f956cd7419eb0bc1a60ca23734c79faa44416ba03fc12a1bba8825c9c644648"}, {"condition_id": "0xed9de742d756773a02fa1169d25186bae85d14ed268b3e11d97ef34f2d2ba430", "token_id": "53562257985549649635185293427490671390377096151933235231315443242019359361289", "wallet": "0x28927b7e0ef52d3cd7cdc849e32c5ad2e5fae9d7", "side": "SELL", "outcome": "No", "outcome_index": 1, "size": 15.0, "price": 0.55, "timestamp": 1781545326, "tx_hash": "0x8f956cd7419eb0bc1a60ca23734c79faa44416ba03fc12a1bba8825c9c644648"}, {"condition_id": "0xed9de742d756773a02fa1169d25186bae85d14ed268b3e11d97ef34f2d2ba430", "token_id": "65794881715216923685510781517851498591681177279802017791845493931610986464630", "wallet": "0x71389d69bb86385f122e18bb427578f1d70e8c89", "side": "BUY", "outcome": "Yes", "outcome_index": 0, "size": 110.64, "price": 0.45, "timestamp": 1781545326, "tx_hash": "0x8f956cd7419eb0bc1a60ca23734c79faa44416ba03fc12a1bba8825c9c644648"}, {"condition_id": "0xed9de742d756773a02fa1169d25186bae85d14ed268b3e11d97ef34f2d2ba430", "token_id": "65794881715216923685510781517851498591681177279802017791845493931610986464630", "wallet": "0x5e83c9db1593a9113fffa791797cf9655b383bb7", "side": "BUY", "outcome": "Yes", "outcome_index": 0, "size": 10.847825, "price": 0.459999953907811, "timestamp": 1781544864, "tx_hash": "0xa06fe9affa9b044beadae291e468b879401ccd01f39e4196e65583d72ef37f93"}, {"condition_id": "0xed9de742d756773a02fa1169d25186bae85d14ed268b3e11d97ef34f2d2ba430", "token_id": "53562257985549649635185293427490671390377096151933235231315443242019359361289", "wallet": "0x9d294762e06c4c505cd2b458af2ebe9db42afba4", "side": "BUY", "outcome": "No", "outcome_index": 1, "size": 10.847825, "price": 0.540000046092189, "timestamp": 1781544864, "tx_hash": "0xa06fe9affa9b044beadae291e468b879401ccd01f39e4196e65583d72ef37f93"}, {"condition_id": "0xed9de742d756773a02fa1169d25186bae85d14ed268b3e11d97ef34f2d2ba430", "token_id": "65794881715216923685510781517851498591681177279802017791845493931610986464630", "wallet": "0xe9076a87c5ed90ef16e6fe6529c943baeca0cff6", "side": "BUY", "outcome": "Yes", "outcome_index": 0, "size": 10.543477, "price": 0.4599999601649437, "timestamp": 1781544861, "tx_hash": "0x45edcedd8b418fcb502549406762d0f59b28e1d6b966927de94e7ed75c94198f"}, {"condition_id": "0xed9de742d756773a02fa1169d25186bae85d14ed268b3e11d97ef34f2d2ba430", "token_id": "53562257985549649635185293427490671390377096151933235231315443242019359361289", "wallet": "0x9d294762e06c4c505cd2b458af2ebe9db42afba4", "side": "BUY", "outcome": "No", "outcome_index": 1, "size": 10.543477, "price": 0.5400000398350563, "timestamp": 1781544861, "tx_hash": "0x45edcedd8b418fcb502549406762d0f59b28e1d6b966927de94e7ed75c94198f"}, {"condition_id": "0xed9de742d756773a02fa1169d25186bae85d14ed268b3e11d97ef34f2d2ba430", "token_id": "65794881715216923685510781517851498591681177279802017791845493931610986464630", "wallet": "0x453d43d6bb6a776632e69a68418cb2316a81b00c", "side": "SELL", "outcome": "Yes", "outcome_index": 0, "size": 0.16, "price": 0.45, "timestamp": 1781544799, "tx_hash": "0x07694ed51e80b914522128fb36682c52a6222e0ba41a16ad990c0f64881273d8"}, {"condition_id": "0xed9de742d756773a02fa1169d25186bae85d14ed268b3e11d97ef34f2d2ba430", "token_id": "65794881715216923685510781517851498591681177279802017791845493931610986464630", "wallet": "0x71389d69bb86385f122e18bb427578f1d70e8c89", "side": "BUY", "outcome": "Yes", "outcome_index": 0, "size": 0.16, "price": 0.45, "timestamp": 1781544799, "tx_hash": "0x07694ed51e80b914522128fb36682c52a6222e0ba41a16ad990c0f64881273d8"}, {"condition_id": "0xed9de742d756773a02fa1169d25186bae85d14ed268b3e11d97ef34f2d2ba430", "token_id": "65794881715216923685510781517851498591681177279802017791845493931610986464630", "wallet": "0xe9076a87c5ed90ef16e6fe6529c943baeca0cff6", "side": "BUY", "outcome": "Yes", "outcome_index": 0, "size": 21.086955, "price": 0.45999998577319484, "timestamp": 1781544495, "tx_hash": "0xc1c5d1bfde4a6253c60b2c90de1f4673a293acca0bc42bef4596687329ea8798"}, {"condition_id": "0xed9de742d756773a02fa1169d25186bae85d14ed268b3e11d97ef34f2d2ba430", "token_id": "53562257985549649635185293427490671390377096151933235231315443242019359361289", "wallet": "0x9d294762e06c4c505cd2b458af2ebe9db42afba4", "side": "BUY", "outcome": "No", "outcome_index": 1, "size": 21.086955, "price": 0.5400000142268051, "timestamp": 1781544495, "tx_hash": "0xc1c5d1bfde4a6253c60b2c90de1f4673a293acca0bc42bef4596687329ea8798"}, {"condition_id": "0xed9de742d756773a02fa1169d25186bae85d14ed268b3e11d97ef34f2d2ba430", "token_id": "53562257985549649635185293427490671390377096151933235231315443242019359361289", "wallet": "0xa796f40038045017b474a79b47df0477ead0bf99", "side": "BUY", "outcome": "No", "outcome_index": 1, "size": 2.363635, "price": 0.5499998942307082, "timestamp": 1781544082, "tx_hash": "0x735150d9979fd8637bc30aced4a8c8de0e358c52934bdec943e4af2f6595a761"}, {"condition_id": "0xed9de742d756773a02fa1169d25186bae85d14ed268b3e11d97ef34f2d2ba430", "token_id": "65794881715216923685510781517851498591681177279802017791845493931610986464630", "wallet": "0x71389d69bb86385f122e18bb427578f1d70e8c89", "side": "BUY", "outcome": "Yes", "outcome_index": 0, "size": 2.363635, "price": 0.4500001057692918, "timestamp": 1781544082, "tx_hash": "0x735150d9979fd8637bc30aced4a8c8de0e358c52934bdec943e4af2f6595a761"}, {"condition_id": "0xed9de742d756773a02fa1169d25186bae85d14ed268b3e11d97ef34f2d2ba430", "token_id": "53562257985549649635185293427490671390377096151933235231315443242019359361289", "wallet": "0x160bf4f27cdaaaed1408ccd1558ab30c210d4296", "side": "BUY", "outcome": "No", "outcome_index": 1, "size": 454.0, "price": 0.55, "timestamp": 1781544036, "tx_hash": "0xc04b1d2aca7abfe010ae40ed8edb6edad238a1c68cb86df0e3ea235837cc74bb"}, {"condition_id": "0xed9de742d756773a02fa1169d25186bae85d14ed268b3e11d97ef34f2d2ba430", "token_id": "65794881715216923685510781517851498591681177279802017791845493931610986464630", "wallet": "0x71389d69bb86385f122e18bb427578f1d70e8c89", "side": "BUY", "outcome": "Yes", "outcome_index": 0, "size": 434.0, "price": 0.45, "timestamp": 1781544036, "tx_hash": "0xc04b1d2aca7abfe010ae40ed8edb6edad238a1c68cb86df0e3ea235837cc74bb"}, {"condition_id": "0xed9de742d756773a02fa1169d25186bae85d14ed268b3e11d97ef34f2d2ba430", "token_id": "65794881715216923685510781517851498591681177279802017791845493931610986464630", "wallet": "0xeda9da7fe9a6992128f5008ddbd7156cef74f624", "side": "BUY", "outcome": "Yes", "outcome_index": 0, "size": 20.0, "price": 0.45, "timestamp": 1781544036, "tx_hash": "0xc04b1d2aca7abfe010ae40ed8edb6edad238a1c68cb86df0e3ea235837cc74bb"}, {"condition_id": "0xed9de742d756773a02fa1169d25186bae85d14ed268b3e11d97ef34f2d2ba430", "token_id": "65794881715216923685510781517851498591681177279802017791845493931610986464630", "wallet": "0x29bffb44c6d960e26759e9157f5f2d42f61408a1", "side": "BUY", "outcome": "Yes", "outcome_index": 0, "size": 54.347825, "price": 0.4599999907999998, "timestamp": 1781543887, "tx_hash": "0x6c1026818f521239ca45c9cb661c8acb3e94b87103ebf505d40f904e0a214d07"}, {"condition_id": "0xed9de742d756773a02fa1169d25186bae85d14ed268b3e11d97ef34f2d2ba430", "token_id": "53562257985549649635185293427490671390377096151933235231315443242019359361289", "wallet": "0x9d294762e06c4c505cd2b458af2ebe9db42afba4", "side": "BUY", "outcome": "No", "outcome_index": 1, "size": 15.547825, "price": 0.540000032158839, "timestamp": 1781543887, "tx_hash": "0x6c1026818f521239ca45c9cb661c8acb3e94b87103ebf505d40f904e0a214d07"}, {"condition_id": "0xed9de742d756773a02fa1169d25186bae85d14ed268b3e11d97ef34f2d2ba430", "token_id": "53562257985549649635185293427490671390377096151933235231315443242019359361289", "wallet": "0xf79c322fe0b521d338db9a4cea2dbd07460bcb96", "side": "BUY", "outcome": "No", "outcome_index": 1, "size": 25.0, "price": 0.54, "timestamp": 1781543887, "tx_hash": "0x6c1026818f521239ca45c9cb661c8acb3e94b87103ebf505d40f904e0a214d07"}, {"condition_id": "0xed9de742d756773a02fa1169d25186bae85d14ed268b3e11d97ef34f2d2ba430", "token_id": "53562257985549649635185293427490671390377096151933235231315443242019359361289", "wallet": "0x46f804d6f4eb54292d4329e160b2640b702f68cc", "side": "BUY", "outcome": "No", "outcome_index": 1, "size": 13.8, "price": 0.54, "timestamp": 1781543887, "tx_hash": "0x6c1026818f521239ca45c9cb661c8acb3e94b87103ebf505d40f904e0a214d07"}, {"condition_id": "0xed9de742d756773a02fa1169d25186bae85d14ed268b3e11d97ef34f2d2ba430", "token_id": "65794881715216923685510781517851498591681177279802017791845493931610986464630", "wallet": "0xe9076a87c5ed90ef16e6fe6529c943baeca0cff6", "side": "BUY", "outcome": "Yes", "outcome_index": 0, "size": 42.195651, "price": 0.45999998909840256, "timestamp": 1781543716, "tx_hash": "0x29b12289d2e0323392b42e948851c19d712ea01bcb7d89ea670b7cbae41a0c6a"}, {"condition_id": "0xed9de742d756773a02fa1169d25186bae85d14ed268b3e11d97ef34f2d2ba430", "token_id": "53562257985549649635185293427490671390377096151933235231315443242019359361289", "wallet": "0x46f804d6f4eb54292d4329e160b2640b702f68cc", "side": "BUY", "outcome": "No", "outcome_index": 1, "size": 42.195651, "price": 0.5400000109015974, "timestamp": 1781543716, "tx_hash": "0x29b12289d2e0323392b42e948851c19d712ea01bcb7d89ea670b7cbae41a0c6a"}, {"condition_id": "0xed9de742d756773a02fa1169d25186bae85d14ed268b3e11d97ef34f2d2ba430", "token_id": "65794881715216923685510781517851498591681177279802017791845493931610986464630", "wallet": "0x60128f9a5f473026a3af5aa99ee3eabe77bd713b", "side": "BUY", "outcome": "Yes", "outcome_index": 0, "size": 185.086955, "price": 0.45999999837914024, "timestamp": 1781543187, "tx_hash": "0xdaa6fa31c2d3457810895ef3fa1973cb1464a84802885caf034d0bd9c6a5a248"}, {"condition_id": "0xed9de742d756773a02fa1169d25186bae85d14ed268b3e11d97ef34f2d2ba430", "token_id": "53562257985549649635185293427490671390377096151933235231315443242019359361289", "wallet": "0x2d6ac4f70307102ac46e9e6ded67f3838ddf8add", "side": "BUY", "outcome": "No", "outcome_index": 1, "size": 141.226955, "price": 0.5400000021242404, "timestamp": 1781543187, "tx_hash": "0xdaa6fa31c2d3457810895ef3fa1973cb1464a84802885caf034d0bd9c6a5a248"}, {"condition_id": "0xed9de742d756773a02fa1169d25186bae85d14ed268b3e11d97ef34f2d2ba430", "token_id": "53562257985549649635185293427490671390377096151933235231315443242019359361289", "wallet": "0x8482f6717a2573fd5001cc414bdf06fc47753f7a", "side": "BUY", "outcome": "No", "outcome_index": 1, "size": 40.0, "price": 0.54, "timestamp": 1781543187, "tx_hash": "0xdaa6fa31c2d3457810895ef3fa1973cb1464a84802885caf034d0bd9c6a5a248"}, {"condition_id": "0xed9de742d756773a02fa1169d25186bae85d14ed268b3e11d97ef34f2d2ba430", "token_id": "53562257985549649635185293427490671390377096151933235231315443242019359361289", "wallet": "0xa697d0b3fff7d285a0f92d6ee03a7f97809e59d5", "side": "BUY", "outcome": "No", "outcome_index": 1, "size": 3.86, "price": 0.54, "timestamp": 1781543187, "tx_hash": "0xdaa6fa31c2d3457810895ef3fa1973cb1464a84802885caf034d0bd9c6a5a248"}, {"condition_id": "0xed9de742d756773a02fa1169d25186bae85d14ed268b3e11d97ef34f2d2ba430", "token_id": "65794881715216923685510781517851498591681177279802017791845493931610986464630", "wallet": "0x2117ae94a97d69b78cbc81b6680a62deb1955c26", "side": "BUY", "outcome": "Yes", "outcome_index": 0, "size": 267.0, "price": 0.45367940074906365, "timestamp": 1781543121, "tx_hash": "0x5daf404b1bde4106ec0d3ab65fa1095676cb871751bab4ef8e7ff96da73f0924"}, {"condition_id": "0xed9de742d756773a02fa1169d25186bae85d14ed268b3e11d97ef34f2d2ba430", "token_id": "53562257985549649635185293427490671390377096151933235231315443242019359361289", "wallet": "0xa697d0b3fff7d285a0f92d6ee03a7f97809e59d5", "side": "BUY", "outcome": "No", "outcome_index": 1, "size": 98.24, "price": 0.54, "timestamp": 1781543121, "tx_hash": "0x5daf404b1bde4106ec0d3ab65fa1095676cb871751bab4ef8e7ff96da73f0924"}, {"condition_id": "0xed9de742d756773a02fa1169d25186bae85d14ed268b3e11d97ef34f2d2ba430", "token_id": "53562257985549649635185293427490671390377096151933235231315443242019359361289", "wallet": "0xca8f1e675ecde5fa0f067c06be3bdfd2bfa55e05", "side": "BUY", "outcome": "No", "outcome_index": 1, "size": 100.0, "price": 0.55, "timestamp": 1781543121, "tx_hash": "0x5daf404b1bde4106ec0d3ab65fa1095676cb871751bab4ef8e7ff96da73f0924"}, {"condition_id": "0xed9de742d756773a02fa1169d25186bae85d14ed268b3e11d97ef34f2d2ba430", "token_id": "53562257985549649635185293427490671390377096151933235231315443242019359361289", "wallet": "0x8d0c8253703b8febbe53f45d182671c5385dc90a", "side": "BUY", "outcome": "No", "outcome_index": 1, "size": 29.99, "price": 0.55, "timestamp": 1781543121, "tx_hash": "0x5daf404b1bde4106ec0d3ab65fa1095676cb871751bab4ef8e7ff96da73f0924"}, {"condition_id": "0xed9de742d756773a02fa1169d25186bae85d14ed268b3e11d97ef34f2d2ba430", "token_id": "53562257985549649635185293427490671390377096151933235231315443242019359361289", "wallet": "0xdb83e85ffd22faa4009273034770f96ffc5b1e50", "side": "BUY", "outcome": "No", "outcome_index": 1, "size": 38.77, "price": 0.55, "timestamp": 1781543121, "tx_hash": "0x5daf404b1bde4106ec0d3ab65fa1095676cb871751bab4ef8e7ff96da73f0924"}, {"condition_id": "0xed9de742d756773a02fa1169d25186bae85d14ed268b3e11d97ef34f2d2ba430", "token_id": "65794881715216923685510781517851498591681177279802017791845493931610986464630", "wallet": "0xd03fc218c3dca76a1d4f8d5ae9963659df58ae7e", "side": "BUY", "outcome": "Yes", "outcome_index": 0, "size": 55.555554, "price": 0.44999999459999984, "timestamp": 1781542734, "tx_hash": "0xb3676415796100f06ff94bf8bcb656b579fec8efa1f2c1437995013175093535"}, {"condition_id": "0xed9de742d756773a02fa1169d25186bae85d14ed268b3e11d97ef34f2d2ba430", "token_id": "53562257985549649635185293427490671390377096151933235231315443242019359361289", "wallet": "0xdb83e85ffd22faa4009273034770f96ffc5b1e50", "side": "BUY", "outcome": "No", "outcome_index": 1, "size": 55.555554, "price": 0.5500000054000002, "timestamp": 1781542734, "tx_hash": "0xb3676415796100f06ff94bf8bcb656b579fec8efa1f2c1437995013175093535"}, {"condition_id": "0xed9de742d756773a02fa1169d25186bae85d14ed268b3e11d97ef34f2d2ba430", "token_id": "65794881715216923685510781517851498591681177279802017791845493931610986464630", "wallet": "0x86d34aac1044d09e6387e65d7ea4f8580edd406c", "side": "BUY", "outcome": "Yes", "outcome_index": 0, "size": 2.222221, "price": 0.4499997974998886, "timestamp": 1781542704, "tx_hash": "0x541aa268b503eb2109cbdc89c5de3a5c54305e8d5ce118f24430b09b51877835"}, {"condition_id": "0xed9de742d756773a02fa1169d25186bae85d14ed268b3e11d97ef34f2d2ba430", "token_id": "53562257985549649635185293427490671390377096151933235231315443242019359361289", "wallet": "0xdb83e85ffd22faa4009273034770f96ffc5b1e50", "side": "BUY", "outcome": "No", "outcome_index": 1, "size": 2.222221, "price": 0.5500002025001114, "timestamp": 1781542704, "tx_hash": "0x541aa268b503eb2109cbdc89c5de3a5c54305e8d5ce118f24430b09b51877835"}, {"condition_id": "0xed9de742d756773a02fa1169d25186bae85d14ed268b3e11d97ef34f2d2ba430", "token_id": "65794881715216923685510781517851498591681177279802017791845493931610986464630", "wallet": "0xe9076a87c5ed90ef16e6fe6529c943baeca0cff6", "side": "BUY", "outcome": "Yes", "outcome_index": 0, "size": 531.846738, "price": 0.45635327183298435, "timestamp": 1781542695, "tx_hash": "0xea79cd41c96c3172d941df7f772b7be88a9ae9e099d731ef4f5d3b5f69379714"}, {"condition_id": "0xed9de742d756773a02fa1169d25186bae85d14ed268b3e11d97ef34f2d2ba430", "token_id": "53562257985549649635185293427490671390377096151933235231315443242019359361289", "wallet": "0xa697d0b3fff7d285a0f92d6ee03a7f97809e59d5", "side": "BUY", "outcome": "No", "outcome_index": 1, "size": 297.896738, "price": 0.5400000016112966, "timestamp": 1781542695, "tx_hash": "0xea79cd41c96c3172d941df7f772b7be88a9ae9e099d731ef4f5d3b5f69379714"}, {"condition_id": "0xed9de742d756773a02fa1169d25186bae85d14ed268b3e11d97ef34f2d2ba430", "token_id": "53562257985549649635185293427490671390377096151933235231315443242019359361289", "wallet": "0x8d0c8253703b8febbe53f45d182671c5385dc90a", "side": "BUY", "outcome": "No", "outcome_index": 1, "size": 30.0, "price": 0.54, "timestamp": 1781542695, "tx_hash": "0xea79cd41c96c3172d941df7f772b7be88a9ae9e099d731ef4f5d3b5f69379714"}, {"condition_id": "0xed9de742d756773a02fa1169d25186bae85d14ed268b3e11d97ef34f2d2ba430", "token_id": "53562257985549649635185293427490671390377096151933235231315443242019359361289", "wallet": "0xeda9da7fe9a6992128f5008ddbd7156cef74f624", "side": "BUY", "outcome": "No", "outcome_index": 1, "size": 10.0, "price": 0.54, "timestamp": 1781542695, "tx_hash": "0xea79cd41c96c3172d941df7f772b7be88a9ae9e099d731ef4f5d3b5f69379714"}, {"condition_id": "0xed9de742d756773a02fa1169d25186bae85d14ed268b3e11d97ef34f2d2ba430", "token_id": "53562257985549649635185293427490671390377096151933235231315443242019359361289", "wallet": "0xdb83e85ffd22faa4009273034770f96ffc5b1e50", "side": "BUY", "outcome": "No", "outcome_index": 1, "size": 37.95, "price": 0.55, "timestamp": 1781542695, "tx_hash": "0xea79cd41c96c3172d941df7f772b7be88a9ae9e099d731ef4f5d3b5f69379714"}, {"condition_id": "0xed9de742d756773a02fa1169d25186bae85d14ed268b3e11d97ef34f2d2ba430", "token_id": "53562257985549649635185293427490671390377096151933235231315443242019359361289", "wallet": "0x204f72f35326db932158cba6adff0b9a1da95e14", "side": "BUY", "outcome": "No", "outcome_index": 1, "size": 156.0, "price": 0.55, "timestamp": 1781542695, "tx_hash": "0xea79cd41c96c3172d941df7f772b7be88a9ae9e099d731ef4f5d3b5f69379714"}, {"condition_id": "0xed9de742d756773a02fa1169d25186bae85d14ed268b3e11d97ef34f2d2ba430", "token_id": "65794881715216923685510781517851498591681177279802017791845493931610986464630", "wallet": "0x2117ae94a97d69b78cbc81b6680a62deb1955c26", "side": "BUY", "outcome": "Yes", "outcome_index": 0, "size": 207.0, "price": 0.45, "timestamp": 1781542641, "tx_hash": "0xc6ca6ba53affe5873b6f8fe9a6281b9d5149ba0df8ce7fd33164ea2004e5a035"}, {"condition_id": "0xed9de742d756773a02fa1169d25186bae85d14ed268b3e11d97ef34f2d2ba430", "token_id": "53562257985549649635185293427490671390377096151933235231315443242019359361289", "wallet": "0x160bf4f27cdaaaed1408ccd1558ab30c210d4296", "side": "BUY", "outcome": "No", "outcome_index": 1, "size": 22.92, "price": 0.55, "timestamp": 1781542641, "tx_hash": "0xc6ca6ba53affe5873b6f8fe9a6281b9d5149ba0df8ce7fd33164ea2004e5a035"}, {"condition_id": "0xed9de742d756773a02fa1169d25186bae85d14ed268b3e11d97ef34f2d2ba430", "token_id": "53562257985549649635185293427490671390377096151933235231315443242019359361289", "wallet": "0xdb83e85ffd22faa4009273034770f96ffc5b1e50", "side": "BUY", "outcome": "No", "outcome_index": 1, "size": 27.14, "price": 0.55, "timestamp": 1781542641, "tx_hash": "0xc6ca6ba53affe5873b6f8fe9a6281b9d5149ba0df8ce7fd33164ea2004e5a035"}, {"condition_id": "0xed9de742d756773a02fa1169d25186bae85d14ed268b3e11d97ef34f2d2ba430", "token_id": "53562257985549649635185293427490671390377096151933235231315443242019359361289", "wallet": "0xdb83e85ffd22faa4009273034770f96ffc5b1e50", "side": "BUY", "outcome": "No", "outcome_index": 1, "size": 66.82, "price": 0.55, "timestamp": 1781542641, "tx_hash": "0xc6ca6ba53affe5873b6f8fe9a6281b9d5149ba0df8ce7fd33164ea2004e5a035"}, {"condition_id": "0xed9de742d756773a02fa1169d25186bae85d14ed268b3e11d97ef34f2d2ba430", "token_id": "53562257985549649635185293427490671390377096151933235231315443242019359361289", "wallet": "0xf79c322fe0b521d338db9a4cea2dbd07460bcb96", "side": "BUY", "outcome": "No", "outcome_index": 1, "size": 25.0, "price": 0.55, "timestamp": 1781542641, "tx_hash": "0xc6ca6ba53affe5873b6f8fe9a6281b9d5149ba0df8ce7fd33164ea2004e5a035"}, {"condition_id": "0xed9de742d756773a02fa1169d25186bae85d14ed268b3e11d97ef34f2d2ba430", "token_id": "53562257985549649635185293427490671390377096151933235231315443242019359361289", "wallet": "0x204f72f35326db932158cba6adff0b9a1da95e14", "side": "BUY", "outcome": "No", "outcome_index": 1, "size": 65.12, "price": 0.55, "timestamp": 1781542641, "tx_hash": "0xc6ca6ba53affe5873b6f8fe9a6281b9d5149ba0df8ce7fd33164ea2004e5a035"}, {"condition_id": "0xed9de742d756773a02fa1169d25186bae85d14ed268b3e11d97ef34f2d2ba430", "token_id": "65794881715216923685510781517851498591681177279802017791845493931610986464630", "wallet": "0xe9076a87c5ed90ef16e6fe6529c943baeca0cff6", "side": "BUY", "outcome": "Yes", "outcome_index": 0, "size": 43.133332, "price": 0.4499999907264294, "timestamp": 1781542597, "tx_hash": "0x73221f8e2240e610bb653dd75756e4d77a2b9607b2e554c1a81c05c5316d7767"}, {"condition_id": "0xed9de742d756773a02fa1169d25186bae85d14ed268b3e11d97ef34f2d2ba430", "token_id": "53562257985549649635185293427490671390377096151933235231315443242019359361289", "wallet": "0x204f72f35326db932158cba6adff0b9a1da95e14", "side": "BUY", "outcome": "No", "outcome_index": 1, "size": 43.133332, "price": 0.5500000092735706, "timestamp": 1781542597, "tx_hash": "0x73221f8e2240e610bb653dd75756e4d77a2b9607b2e554c1a81c05c5316d7767"}, {"condition_id": "0xed9de742d756773a02fa1169d25186bae85d14ed268b3e11d97ef34f2d2ba430", "token_id": "53562257985549649635185293427490671390377096151933235231315443242019359361289", "wallet": "0x7795a264a32b21cdc3256ca4f1ddab33433108df", "side": "BUY", "outcome": "No", "outcome_index": 1, "size": 8.92857, "price": 0.5599999775999964, "timestamp": 1781542563, "tx_hash": "0xa736c4448de2fa694e9507b9b2ef84dea2e54d34ab0c010c26616acde78c3402"}, {"condition_id": "0xed9de742d756773a02fa1169d25186bae85d14ed268b3e11d97ef34f2d2ba430", "token_id": "65794881715216923685510781517851498591681177279802017791845493931610986464630", "wallet": "0xa697d0b3fff7d285a0f92d6ee03a7f97809e59d5", "side": "BUY", "outcome": "Yes", "outcome_index": 0, "size": 8.92857, "price": 0.4400000224000036, "timestamp": 1781542563, "tx_hash": "0xa736c4448de2fa694e9507b9b2ef84dea2e54d34ab0c010c26616acde78c3402"}, {"condition_id": "0xed9de742d756773a02fa1169d25186bae85d14ed268b3e11d97ef34f2d2ba430", "token_id": "65794881715216923685510781517851498591681177279802017791845493931610986464630", "wallet": "0xe9076a87c5ed90ef16e6fe6529c943baeca0cff6", "side": "BUY", "outcome": "Yes", "outcome_index": 0, "size": 215.733332, "price": 0.44999999814585906, "timestamp": 1781542530, "tx_hash": "0xd4ac524e42e263155cfab9c72c56e9e26e4ecf3a00eb80138b240519cdc527d3"}, {"condition_id": "0xed9de742d756773a02fa1169d25186bae85d14ed268b3e11d97ef34f2d2ba430", "token_id": "53562257985549649635185293427490671390377096151933235231315443242019359361289", "wallet": "0x204f72f35326db932158cba6adff0b9a1da95e14", "side": "BUY", "outcome": "No", "outcome_index": 1, "size": 115.733332, "price": 0.5500000034562212, "timestamp": 1781542530, "tx_hash": "0xd4ac524e42e263155cfab9c72c56e9e26e4ecf3a00eb80138b240519cdc527d3"}, {"condition_id": "0xed9de742d756773a02fa1169d25186bae85d14ed268b3e11d97ef34f2d2ba430", "token_id": "53562257985549649635185293427490671390377096151933235231315443242019359361289", "wallet": "0x7d0caf83488431bb760f204d52bdf5246e2fa3b7", "side": "BUY", "outcome": "No", "outcome_index": 1, "size": 22.0, "price": 0.55, "timestamp": 1781542530, "tx_hash": "0xd4ac524e42e263155cfab9c72c56e9e26e4ecf3a00eb80138b240519cdc527d3"}, {"condition_id": "0xed9de742d756773a02fa1169d25186bae85d14ed268b3e11d97ef34f2d2ba430", "token_id": "53562257985549649635185293427490671390377096151933235231315443242019359361289", "wallet": "0x200ffb575b936d297fcf39076ddf2b476ae07a96", "side": "BUY", "outcome": "No", "outcome_index": 1, "size": 78.0, "price": 0.55, "timestamp": 1781542530, "tx_hash": "0xd4ac524e42e263155cfab9c72c56e9e26e4ecf3a00eb80138b240519cdc527d3"}, {"condition_id": "0xed9de742d756773a02fa1169d25186bae85d14ed268b3e11d97ef34f2d2ba430", "token_id": "65794881715216923685510781517851498591681177279802017791845493931610986464630", "wallet": "0xe9076a87c5ed90ef16e6fe6529c943baeca0cff6", "side": "BUY", "outcome": "Yes", "outcome_index": 0, "size": 215.733332, "price": 0.44999999814585906, "timestamp": 1781542503, "tx_hash": "0x76302bf5636df7a20102b4f10488493e43c2fc60307b1167437d6176de6c08ee"}, {"condition_id": "0xed9de742d756773a02fa1169d25186bae85d14ed268b3e11d97ef34f2d2ba430", "token_id": "53562257985549649635185293427490671390377096151933235231315443242019359361289", "wallet": "0x0346afae2603313d2bbee96b628536c8cbe352a5", "side": "BUY", "outcome": "No", "outcome_index": 1, "size": 215.733332, "price": 0.5500000018541409, "timestamp": 1781542503, "tx_hash": "0x76302bf5636df7a20102b4f10488493e43c2fc60307b1167437d6176de6c08ee"}, {"condition_id": "0xed9de742d756773a02fa1169d25186bae85d14ed268b3e11d97ef34f2d2ba430", "token_id": "65794881715216923685510781517851498591681177279802017791845493931610986464630", "wallet": "0x2117ae94a97d69b78cbc81b6680a62deb1955c26", "side": "BUY", "outcome": "Yes", "outcome_index": 0, "size": 542.0, "price": 0.45, "timestamp": 1781542429, "tx_hash": "0xa37c6250211c19d59271a3654ea9dfbe8af06624b287847bc76da37591d8b7eb"}, {"condition_id": "0xed9de742d756773a02fa1169d25186bae85d14ed268b3e11d97ef34f2d2ba430", "token_id": "53562257985549649635185293427490671390377096151933235231315443242019359361289", "wallet": "0x0346afae2603313d2bbee96b628536c8cbe352a5", "side": "BUY", "outcome": "No", "outcome_index": 1, "size": 280.55, "price": 0.55, "timestamp": 1781542429, "tx_hash": "0xa37c6250211c19d59271a3654ea9dfbe8af06624b287847bc76da37591d8b7eb"}, {"condition_id": "0xed9de742d756773a02fa1169d25186bae85d14ed268b3e11d97ef34f2d2ba430", "token_id": "53562257985549649635185293427490671390377096151933235231315443242019359361289", "wallet": "0xf79c322fe0b521d338db9a4cea2dbd07460bcb96", "side": "BUY", "outcome": "No", "outcome_index": 1, "size": 25.0, "price": 0.55, "timestamp": 1781542429, "tx_hash": "0xa37c6250211c19d59271a3654ea9dfbe8af06624b287847bc76da37591d8b7eb"}, {"condition_id": "0xed9de742d756773a02fa1169d25186bae85d14ed268b3e11d97ef34f2d2ba430", "token_id": "65794881715216923685510781517851498591681177279802017791845493931610986464630", "wallet": "0xf8c860fb134ec5514e29366bd117d2483ab97c4c", "side": "SELL", "outcome": "Yes", "outcome_index": 0, "size": 30.0, "price": 0.45, "timestamp": 1781542429, "tx_hash": "0xa37c6250211c19d59271a3654ea9dfbe8af06624b287847bc76da37591d8b7eb"}, {"condition_id": "0xed9de742d756773a02fa1169d25186bae85d14ed268b3e11d97ef34f2d2ba430", "token_id": "53562257985549649635185293427490671390377096151933235231315443242019359361289", "wallet": "0x28927b7e0ef52d3cd7cdc849e32c5ad2e5fae9d7", "side": "BUY", "outcome": "No", "outcome_index": 1, "size": 13.12, "price": 0.55, "timestamp": 1781542429, "tx_hash": "0xa37c6250211c19d59271a3654ea9dfbe8af06624b287847bc76da37591d8b7eb"}, {"condition_id": "0xed9de742d756773a02fa1169d25186bae85d14ed268b3e11d97ef34f2d2ba430", "token_id": "53562257985549649635185293427490671390377096151933235231315443242019359361289", "wallet": "0x05c98c2e0bacb4d07b857fc55420bc2e6124271b", "side": "BUY", "outcome": "No", "outcome_index": 1, "size": 100.0, "price": 0.55, "timestamp": 1781542429, "tx_hash": "0xa37c6250211c19d59271a3654ea9dfbe8af06624b287847bc76da37591d8b7eb"}, {"condition_id": "0xed9de742d756773a02fa1169d25186bae85d14ed268b3e11d97ef34f2d2ba430", "token_id": "53562257985549649635185293427490671390377096151933235231315443242019359361289", "wallet": "0xf79c322fe0b521d338db9a4cea2dbd07460bcb96", "side": "BUY", "outcome": "No", "outcome_index": 1, "size": 25.0, "price": 0.55, "timestamp": 1781542429, "tx_hash": "0xa37c6250211c19d59271a3654ea9dfbe8af06624b287847bc76da37591d8b7eb"}, {"condition_id": "0xed9de742d756773a02fa1169d25186bae85d14ed268b3e11d97ef34f2d2ba430", "token_id": "53562257985549649635185293427490671390377096151933235231315443242019359361289", "wallet": "0xa697d0b3fff7d285a0f92d6ee03a7f97809e59d5", "side": "BUY", "outcome": "No", "outcome_index": 1, "size": 68.33, "price": 0.55, "timestamp": 1781542429, "tx_hash": "0xa37c6250211c19d59271a3654ea9dfbe8af06624b287847bc76da37591d8b7eb"}, {"condition_id": "0xed9de742d756773a02fa1169d25186bae85d14ed268b3e11d97ef34f2d2ba430", "token_id": "65794881715216923685510781517851498591681177279802017791845493931610986464630", "wallet": "0x619daedc94b34944cdaad8e1450efc3fa06a5b81", "side": "BUY", "outcome": "Yes", "outcome_index": 0, "size": 32.666665, "price": 0.4499999923469384, "timestamp": 1781542416, "tx_hash": "0xb8acd1f939ef34eca2617993581101f41741aafaa1844723f9a7836843519bea"}, {"condition_id": "0xed9de742d756773a02fa1169d25186bae85d14ed268b3e11d97ef34f2d2ba430", "token_id": "53562257985549649635185293427490671390377096151933235231315443242019359361289", "wallet": "0xa697d0b3fff7d285a0f92d6ee03a7f97809e59d5", "side": "BUY", "outcome": "No", "outcome_index": 1, "size": 32.666665, "price": 0.5500000076530616, "timestamp": 1781542416, "tx_hash": "0xb8acd1f939ef34eca2617993581101f41741aafaa1844723f9a7836843519bea"}, {"condition_id": "0xed9de742d756773a02fa1169d25186bae85d14ed268b3e11d97ef34f2d2ba430", "token_id": "65794881715216923685510781517851498591681177279802017791845493931610986464630", "wallet": "0x2117ae94a97d69b78cbc81b6680a62deb1955c26", "side": "BUY", "outcome": "Yes", "outcome_index": 0, "size": 226.0, "price": 0.45, "timestamp": 1781542077, "tx_hash": "0x360f70e523b94b94ed4171702ee0382de3451c8f83e9f82e31c2eb54bc4ecd5b"}, {"condition_id": "0xed9de742d756773a02fa1169d25186bae85d14ed268b3e11d97ef34f2d2ba430", "token_id": "53562257985549649635185293427490671390377096151933235231315443242019359361289", "wallet": "0xa697d0b3fff7d285a0f92d6ee03a7f97809e59d5", "side": "BUY", "outcome": "No", "outcome_index": 1, "size": 226.0, "price": 0.55, "timestamp": 1781542077, "tx_hash": "0x360f70e523b94b94ed4171702ee0382de3451c8f83e9f82e31c2eb54bc4ecd5b"}, {"condition_id": "0xed9de742d756773a02fa1169d25186bae85d14ed268b3e11d97ef34f2d2ba430", "token_id": "65794881715216923685510781517851498591681177279802017791845493931610986464630", "wallet": "0x2117ae94a97d69b78cbc81b6680a62deb1955c26", "side": "BUY", "outcome": "Yes", "outcome_index": 0, "size": 226.0, "price": 0.45, "timestamp": 1781541816, "tx_hash": "0x097b7f3648fc03ab848b73a27f034e956ddf1d561a53d8f50fcf9a2e676275e2"}, {"condition_id": "0xed9de742d756773a02fa1169d25186bae85d14ed268b3e11d97ef34f2d2ba430", "token_id": "53562257985549649635185293427490671390377096151933235231315443242019359361289", "wallet": "0xa697d0b3fff7d285a0f92d6ee03a7f97809e59d5", "side": "BUY", "outcome": "No", "outcome_index": 1, "size": 208.0, "price": 0.55, "timestamp": 1781541816, "tx_hash": "0x097b7f3648fc03ab848b73a27f034e956ddf1d561a53d8f50fcf9a2e676275e2"}, {"condition_id": "0xed9de742d756773a02fa1169d25186bae85d14ed268b3e11d97ef34f2d2ba430", "token_id": "65794881715216923685510781517851498591681177279802017791845493931610986464630", "wallet": "0x8bd8c81803ce2c7e884cc18406d92829d5c4f306", "side": "SELL", "outcome": "Yes", "outcome_index": 0, "size": 18.0, "price": 0.45, "timestamp": 1781541816, "tx_hash": "0x097b7f3648fc03ab848b73a27f034e956ddf1d561a53d8f50fcf9a2e676275e2"}, {"condition_id": "0xed9de742d756773a02fa1169d25186bae85d14ed268b3e11d97ef34f2d2ba430", "token_id": "65794881715216923685510781517851498591681177279802017791845493931610986464630", "wallet": "0x2117ae94a97d69b78cbc81b6680a62deb1955c26", "side": "BUY", "outcome": "Yes", "outcome_index": 0, "size": 285.0, "price": 0.45, "timestamp": 1781541075, "tx_hash": "0x528cda2475ecf1740e6d74af7c065f55ad23a8fb4c68942342090ee07667bf2b"}, {"condition_id": "0xed9de742d756773a02fa1169d25186bae85d14ed268b3e11d97ef34f2d2ba430", "token_id": "65794881715216923685510781517851498591681177279802017791845493931610986464630", "wallet": "0x8bd8c81803ce2c7e884cc18406d92829d5c4f306", "side": "SELL", "outcome": "Yes", "outcome_index": 0, "size": 285.0, "price": 0.45, "timestamp": 1781541075, "tx_hash": "0x528cda2475ecf1740e6d74af7c065f55ad23a8fb4c68942342090ee07667bf2b"}, {"condition_id": "0xed9de742d756773a02fa1169d25186bae85d14ed268b3e11d97ef34f2d2ba430", "token_id": "65794881715216923685510781517851498591681177279802017791845493931610986464630", "wallet": "0xb400836ddb2f12cbf0a40b27155137d2b0ea852c", "side": "BUY", "outcome": "Yes", "outcome_index": 0, "size": 31.11111, "price": 0.4499999839285709, "timestamp": 1781540827, "tx_hash": "0xc01425b466ba3cd3592bf4593a60ad0e8ef3cbff2d582a41e32a994ddb3cc711"}, {"condition_id": "0xed9de742d756773a02fa1169d25186bae85d14ed268b3e11d97ef34f2d2ba430", "token_id": "65794881715216923685510781517851498591681177279802017791845493931610986464630", "wallet": "0x8bd8c81803ce2c7e884cc18406d92829d5c4f306", "side": "SELL", "outcome": "Yes", "outcome_index": 0, "size": 31.11111, "price": 0.4499999839285709, "timestamp": 1781540827, "tx_hash": "0xc01425b466ba3cd3592bf4593a60ad0e8ef3cbff2d582a41e32a994ddb3cc711"}, {"condition_id": "0xed9de742d756773a02fa1169d25186bae85d14ed268b3e11d97ef34f2d2ba430", "token_id": "65794881715216923685510781517851498591681177279802017791845493931610986464630", "wallet": "0xe9076a87c5ed90ef16e6fe6529c943baeca0cff6", "side": "SELL", "outcome": "Yes", "outcome_index": 0, "size": 40.08, "price": 0.44, "timestamp": 1781540787, "tx_hash": "0xea1d2c12b7d7f0a7c8c6a7c3023b2f568108c83cc64d97492fd736613bc198dc"}, {"condition_id": "0xed9de742d756773a02fa1169d25186bae85d14ed268b3e11d97ef34f2d2ba430", "token_id": "65794881715216923685510781517851498591681177279802017791845493931610986464630", "wallet": "0xa697d0b3fff7d285a0f92d6ee03a7f97809e59d5", "side": "BUY", "outcome": "Yes", "outcome_index": 0, "size": 4.01, "price": 0.44, "timestamp": 1781540787, "tx_hash": "0xea1d2c12b7d7f0a7c8c6a7c3023b2f568108c83cc64d97492fd736613bc198dc"}, {"condition_id": "0xed9de742d756773a02fa1169d25186bae85d14ed268b3e11d97ef34f2d2ba430", "token_id": "53562257985549649635185293427490671390377096151933235231315443242019359361289", "wallet": "0x28927b7e0ef52d3cd7cdc849e32c5ad2e5fae9d7", "side": "SELL", "outcome": "No", "outcome_index": 1, "size": 15.0, "price": 0.56, "timestamp": 1781540787, "tx_hash": "0xea1d2c12b7d7f0a7c8c6a7c3023b2f568108c83cc64d97492fd736613bc198dc"}, {"condition_id": "0xed9de742d756773a02fa1169d25186bae85d14ed268b3e11d97ef34f2d2ba430", "token_id": "65794881715216923685510781517851498591681177279802017791845493931610986464630", "wallet": "0xf8c860fb134ec5514e29366bd117d2483ab97c4c", "side": "BUY", "outcome": "Yes", "outcome_index": 0, "size": 21.07, "price": 0.44, "timestamp": 1781540787, "tx_hash": "0xea1d2c12b7d7f0a7c8c6a7c3023b2f568108c83cc64d97492fd736613bc198dc"}, {"condition_id": "0xed9de742d756773a02fa1169d25186bae85d14ed268b3e11d97ef34f2d2ba430", "token_id": "65794881715216923685510781517851498591681177279802017791845493931610986464630", "wallet": "0x94627f925585edce5435df5d0f5ac4410325dfe7", "side": "BUY", "outcome": "Yes", "outcome_index": 0, "size": 2.222221, "price": 0.4499997974998886, "timestamp": 1781540208, "tx_hash": "0x21208f7d1c06ba67472626cd626e8a51962accc7258232f0f39434967b274cb4"}, {"condition_id": "0xed9de742d756773a02fa1169d25186bae85d14ed268b3e11d97ef34f2d2ba430", "token_id": "65794881715216923685510781517851498591681177279802017791845493931610986464630", "wallet": "0x8bd8c81803ce2c7e884cc18406d92829d5c4f306", "side": "SELL", "outcome": "Yes", "outcome_index": 0, "size": 2.222221, "price": 0.4499997974998886, "timestamp": 1781540208, "tx_hash": "0x21208f7d1c06ba67472626cd626e8a51962accc7258232f0f39434967b274cb4"}, {"condition_id": "0xed9de742d756773a02fa1169d25186bae85d14ed268b3e11d97ef34f2d2ba430", "token_id": "65794881715216923685510781517851498591681177279802017791845493931610986464630", "wallet": "0x94627f925585edce5435df5d0f5ac4410325dfe7", "side": "BUY", "outcome": "Yes", "outcome_index": 0, "size": 4.444443, "price": 0.4499999212499744, "timestamp": 1781540017, "tx_hash": "0x784e7bd617d729230f46936ec08a665ea3fd1620aa9b7fffe7d8ec9e456a3718"}, {"condition_id": "0xed9de742d756773a02fa1169d25186bae85d14ed268b3e11d97ef34f2d2ba430", "token_id": "65794881715216923685510781517851498591681177279802017791845493931610986464630", "wallet": "0x8bd8c81803ce2c7e884cc18406d92829d5c4f306", "side": "SELL", "outcome": "Yes", "outcome_index": 0, "size": 4.444443, "price": 0.4499999212499744, "timestamp": 1781540017, "tx_hash": "0x784e7bd617d729230f46936ec08a665ea3fd1620aa9b7fffe7d8ec9e456a3718"}, {"condition_id": "0xed9de742d756773a02fa1169d25186bae85d14ed268b3e11d97ef34f2d2ba430", "token_id": "65794881715216923685510781517851498591681177279802017791845493931610986464630", "wallet": "0xf24588b77e7ec5f8eee6ada34bcaa97c37e8746b", "side": "BUY", "outcome": "Yes", "outcome_index": 0, "size": 2.222221, "price": 0.4499997974998886, "timestamp": 1781539767, "tx_hash": "0x3a832580f2179084ddec388e569d8671de49ac90148b28fe6b2feeae03b59a99"}, {"condition_id": "0xed9de742d756773a02fa1169d25186bae85d14ed268b3e11d97ef34f2d2ba430", "token_id": "65794881715216923685510781517851498591681177279802017791845493931610986464630", "wallet": "0x8bd8c81803ce2c7e884cc18406d92829d5c4f306", "side": "SELL", "outcome": "Yes", "outcome_index": 0, "size": 2.222221, "price": 0.4499997974998886, "timestamp": 1781539767, "tx_hash": "0x3a832580f2179084ddec388e569d8671de49ac90148b28fe6b2feeae03b59a99"}, {"condition_id": "0xed9de742d756773a02fa1169d25186bae85d14ed268b3e11d97ef34f2d2ba430", "token_id": "65794881715216923685510781517851498591681177279802017791845493931610986464630", "wallet": "0xe9076a87c5ed90ef16e6fe6529c943baeca0cff6", "side": "BUY", "outcome": "Yes", "outcome_index": 0, "size": 9.7, "price": 0.45, "timestamp": 1781539570, "tx_hash": "0x0a2cbb9d7d631f72483c61085eba1dd7feb24f6a2eededad393da933c505edbe"}, {"condition_id": "0xed9de742d756773a02fa1169d25186bae85d14ed268b3e11d97ef34f2d2ba430", "token_id": "65794881715216923685510781517851498591681177279802017791845493931610986464630", "wallet": "0x8bd8c81803ce2c7e884cc18406d92829d5c4f306", "side": "SELL", "outcome": "Yes", "outcome_index": 0, "size": 9.7, "price": 0.45, "timestamp": 1781539570, "tx_hash": "0x0a2cbb9d7d631f72483c61085eba1dd7feb24f6a2eededad393da933c505edbe"}, {"condition_id": "0xed9de742d756773a02fa1169d25186bae85d14ed268b3e11d97ef34f2d2ba430", "token_id": "65794881715216923685510781517851498591681177279802017791845493931610986464630", "wallet": "0x2117ae94a97d69b78cbc81b6680a62deb1955c26", "side": "BUY", "outcome": "Yes", "outcome_index": 0, "size": 266.0, "price": 0.45, "timestamp": 1781539452, "tx_hash": "0xcf90d48f43fbe906cb151d811b1250bd6759223bb699e9780d200f7e980d109a"}, {"condition_id": "0xed9de742d756773a02fa1169d25186bae85d14ed268b3e11d97ef34f2d2ba430", "token_id": "65794881715216923685510781517851498591681177279802017791845493931610986464630", "wallet": "0x8bd8c81803ce2c7e884cc18406d92829d5c4f306", "side": "SELL", "outcome": "Yes", "outcome_index": 0, "size": 266.0, "price": 0.45, "timestamp": 1781539452, "tx_hash": "0xcf90d48f43fbe906cb151d811b1250bd6759223bb699e9780d200f7e980d109a"}, {"condition_id": "0xed9de742d756773a02fa1169d25186bae85d14ed268b3e11d97ef34f2d2ba430", "token_id": "65794881715216923685510781517851498591681177279802017791845493931610986464630", "wallet": "0x619daedc94b34944cdaad8e1450efc3fa06a5b81", "side": "BUY", "outcome": "Yes", "outcome_index": 0, "size": 33.333332, "price": 0.4499999879999995, "timestamp": 1781539426, "tx_hash": "0xee195d3d171324e232692dae42cf59c4d83cd755a03b3e4c173875739d2487fb"}, {"condition_id": "0xed9de742d756773a02fa1169d25186bae85d14ed268b3e11d97ef34f2d2ba430", "token_id": "65794881715216923685510781517851498591681177279802017791845493931610986464630", "wallet": "0x8bd8c81803ce2c7e884cc18406d92829d5c4f306", "side": "SELL", "outcome": "Yes", "outcome_index": 0, "size": 33.333332, "price": 0.4499999879999995, "timestamp": 1781539426, "tx_hash": "0xee195d3d171324e232692dae42cf59c4d83cd755a03b3e4c173875739d2487fb"}, {"condition_id": "0xed9de742d756773a02fa1169d25186bae85d14ed268b3e11d97ef34f2d2ba430", "token_id": "65794881715216923685510781517851498591681177279802017791845493931610986464630", "wallet": "0x2584c03630d460bd28932db3151540d6b5628018", "side": "BUY", "outcome": "Yes", "outcome_index": 0, "size": 257.822221, "price": 0.4499999982546113, "timestamp": 1781539420, "tx_hash": "0x359e2962728445c3eedf7f68a60a48fbae8996dcb97a9b38376bb0c689630cd9"}, {"condition_id": "0xed9de742d756773a02fa1169d25186bae85d14ed268b3e11d97ef34f2d2ba430", "token_id": "65794881715216923685510781517851498591681177279802017791845493931610986464630", "wallet": "0x8bd8c81803ce2c7e884cc18406d92829d5c4f306", "side": "SELL", "outcome": "Yes", "outcome_index": 0, "size": 257.822221, "price": 0.4499999982546113, "timestamp": 1781539420, "tx_hash": "0x359e2962728445c3eedf7f68a60a48fbae8996dcb97a9b38376bb0c689630cd9"}, {"condition_id": "0xed9de742d756773a02fa1169d25186bae85d14ed268b3e11d97ef34f2d2ba430", "token_id": "65794881715216923685510781517851498591681177279802017791845493931610986464630", "wallet": "0xe9076a87c5ed90ef16e6fe6529c943baeca0cff6", "side": "BUY", "outcome": "Yes", "outcome_index": 0, "size": 21.555554, "price": 0.4499999860824732, "timestamp": 1781539323, "tx_hash": "0x5875c0aa6b02761d4003ff8b5a92b2f14cbe1bb38485d13cc66ae77245851b16"}, {"condition_id": "0xed9de742d756773a02fa1169d25186bae85d14ed268b3e11d97ef34f2d2ba430", "token_id": "65794881715216923685510781517851498591681177279802017791845493931610986464630", "wallet": "0x8bd8c81803ce2c7e884cc18406d92829d5c4f306", "side": "SELL", "outcome": "Yes", "outcome_index": 0, "size": 21.555554, "price": 0.4499999860824732, "timestamp": 1781539323, "tx_hash": "0x5875c0aa6b02761d4003ff8b5a92b2f14cbe1bb38485d13cc66ae77245851b16"}, {"condition_id": "0xed9de742d756773a02fa1169d25186bae85d14ed268b3e11d97ef34f2d2ba430", "token_id": "65794881715216923685510781517851498591681177279802017791845493931610986464630", "wallet": "0xe9076a87c5ed90ef16e6fe6529c943baeca0cff6", "side": "BUY", "outcome": "Yes", "outcome_index": 0, "size": 48.54, "price": 0.45, "timestamp": 1781539189, "tx_hash": "0xdb0cbc493cd014559e9c0a41c45b3dbdef981f3268927e513e707fed247d0f53"}, {"condition_id": "0xed9de742d756773a02fa1169d25186bae85d14ed268b3e11d97ef34f2d2ba430", "token_id": "65794881715216923685510781517851498591681177279802017791845493931610986464630", "wallet": "0x8bd8c81803ce2c7e884cc18406d92829d5c4f306", "side": "SELL", "outcome": "Yes", "outcome_index": 0, "size": 48.54, "price": 0.45, "timestamp": 1781539189, "tx_hash": "0xdb0cbc493cd014559e9c0a41c45b3dbdef981f3268927e513e707fed247d0f53"}, {"condition_id": "0xed9de742d756773a02fa1169d25186bae85d14ed268b3e11d97ef34f2d2ba430", "token_id": "65794881715216923685510781517851498591681177279802017791845493931610986464630", "wallet": "0xdb465b694f7beefdbf8d1edfa2035128d4cb56e7", "side": "BUY", "outcome": "Yes", "outcome_index": 0, "size": 20.0, "price": 0.45, "timestamp": 1781538930, "tx_hash": "0xac0c339f3ae7d40e6f0c5c12418474654f82b15ce9ee183e2cb01971ae16e0f0"}, {"condition_id": "0xed9de742d756773a02fa1169d25186bae85d14ed268b3e11d97ef34f2d2ba430", "token_id": "65794881715216923685510781517851498591681177279802017791845493931610986464630", "wallet": "0x8bd8c81803ce2c7e884cc18406d92829d5c4f306", "side": "SELL", "outcome": "Yes", "outcome_index": 0, "size": 20.0, "price": 0.45, "timestamp": 1781538930, "tx_hash": "0xac0c339f3ae7d40e6f0c5c12418474654f82b15ce9ee183e2cb01971ae16e0f0"}, {"condition_id": "0xed9de742d756773a02fa1169d25186bae85d14ed268b3e11d97ef34f2d2ba430", "token_id": "65794881715216923685510781517851498591681177279802017791845493931610986464630", "wallet": "0x2e677de010dc8909449175433c8a6d57e26a00fd", "side": "BUY", "outcome": "Yes", "outcome_index": 0, "size": 11.11111, "price": 0.4499999549999955, "timestamp": 1781538334, "tx_hash": "0x53b477972957158cd2eb2c5b5e8e0f238018fd91d501f20f7727749faf963317"}, {"condition_id": "0xed9de742d756773a02fa1169d25186bae85d14ed268b3e11d97ef34f2d2ba430", "token_id": "53562257985549649635185293427490671390377096151933235231315443242019359361289", "wallet": "0x71389d69bb86385f122e18bb427578f1d70e8c89", "side": "BUY", "outcome": "No", "outcome_index": 1, "size": 11.11111, "price": 0.5500000450000045, "timestamp": 1781538334, "tx_hash": "0x53b477972957158cd2eb2c5b5e8e0f238018fd91d501f20f7727749faf963317"}, {"condition_id": "0xed9de742d756773a02fa1169d25186bae85d14ed268b3e11d97ef34f2d2ba430", "token_id": "65794881715216923685510781517851498591681177279802017791845493931610986464630", "wallet": "0x2584c03630d460bd28932db3151540d6b5628018", "side": "BUY", "outcome": "Yes", "outcome_index": 0, "size": 222.222221, "price": 0.449999997975, "timestamp": 1781538225, "tx_hash": "0x6191bc1609e075a5c00dbe28a297ad3713c8048bd2620e76f3956aa3534413b2"}, {"condition_id": "0xed9de742d756773a02fa1169d25186bae85d14ed268b3e11d97ef34f2d2ba430", "token_id": "53562257985549649635185293427490671390377096151933235231315443242019359361289", "wallet": "0x71389d69bb86385f122e18bb427578f1d70e8c89", "side": "BUY", "outcome": "No", "outcome_index": 1, "size": 201.522221, "price": 0.5500000022330044, "timestamp": 1781538225, "tx_hash": "0x6191bc1609e075a5c00dbe28a297ad3713c8048bd2620e76f3956aa3534413b2"}, {"condition_id": "0xed9de742d756773a02fa1169d25186bae85d14ed268b3e11d97ef34f2d2ba430", "token_id": "53562257985549649635185293427490671390377096151933235231315443242019359361289", "wallet": "0x204f72f35326db932158cba6adff0b9a1da95e14", "side": "BUY", "outcome": "No", "outcome_index": 1, "size": 20.7, "price": 0.55, "timestamp": 1781538225, "tx_hash": "0x6191bc1609e075a5c00dbe28a297ad3713c8048bd2620e76f3956aa3534413b2"}, {"condition_id": "0xed9de742d756773a02fa1169d25186bae85d14ed268b3e11d97ef34f2d2ba430", "token_id": "65794881715216923685510781517851498591681177279802017791845493931610986464630", "wallet": "0xb23b2e80b0ae599e71365f94e22c8f9ac8bac3d6", "side": "BUY", "outcome": "Yes", "outcome_index": 0, "size": 4.444443, "price": 0.4499999212499744, "timestamp": 1781538204, "tx_hash": "0x463eab11de8eb2dfdca0f720af4bb7235c0501abf56a9d23a7898f912bfdd99d"}, {"condition_id": "0xed9de742d756773a02fa1169d25186bae85d14ed268b3e11d97ef34f2d2ba430", "token_id": "53562257985549649635185293427490671390377096151933235231315443242019359361289", "wallet": "0x204f72f35326db932158cba6adff0b9a1da95e14", "side": "BUY", "outcome": "No", "outcome_index": 1, "size": 4.444443, "price": 0.5500000787500255, "timestamp": 1781538204, "tx_hash": "0x463eab11de8eb2dfdca0f720af4bb7235c0501abf56a9d23a7898f912bfdd99d"}, {"condition_id": "0xed9de742d756773a02fa1169d25186bae85d14ed268b3e11d97ef34f2d2ba430", "token_id": "65794881715216923685510781517851498591681177279802017791845493931610986464630", "wallet": "0xe9076a87c5ed90ef16e6fe6529c943baeca0cff6", "side": "BUY", "outcome": "Yes", "outcome_index": 0, "size": 53.933332, "price": 0.44999999258343615, "timestamp": 1781537970, "tx_hash": "0xa4b2b432243bf6c01ad182b30499bb82df2f101e72e9400754b1ef82e7c2050c"}, {"condition_id": "0xed9de742d756773a02fa1169d25186bae85d14ed268b3e11d97ef34f2d2ba430", "token_id": "53562257985549649635185293427490671390377096151933235231315443242019359361289", "wallet": "0x204f72f35326db932158cba6adff0b9a1da95e14", "side": "BUY", "outcome": "No", "outcome_index": 1, "size": 53.933332, "price": 0.5500000074165639, "timestamp": 1781537970, "tx_hash": "0xa4b2b432243bf6c01ad182b30499bb82df2f101e72e9400754b1ef82e7c2050c"}, {"condition_id": "0xed9de742d756773a02fa1169d25186bae85d14ed268b3e11d97ef34f2d2ba430", "token_id": "65794881715216923685510781517851498591681177279802017791845493931610986464630", "wallet": "0x5e1022e63b98f2bdb745c4fb1cb6eb6b537f28d3", "side": "BUY", "outcome": "Yes", "outcome_index": 0, "size": 4.444443, "price": 0.4499999212499744, "timestamp": 1781537736, "tx_hash": "0x51f39ce090e211177e60788464890ccf1def455c0b5b542f85d370c12b537565"}, {"condition_id": "0xed9de742d756773a02fa1169d25186bae85d14ed268b3e11d97ef34f2d2ba430", "token_id": "53562257985549649635185293427490671390377096151933235231315443242019359361289", "wallet": "0x204f72f35326db932158cba6adff0b9a1da95e14", "side": "BUY", "outcome": "No", "outcome_index": 1, "size": 4.444443, "price": 0.5500000787500255, "timestamp": 1781537736, "tx_hash": "0x51f39ce090e211177e60788464890ccf1def455c0b5b542f85d370c12b537565"}, {"condition_id": "0xed9de742d756773a02fa1169d25186bae85d14ed268b3e11d97ef34f2d2ba430", "token_id": "53562257985549649635185293427490671390377096151933235231315443242019359361289", "wallet": "0xa5dd7ea58eea1f88545762dbed32d791903d9136", "side": "BUY", "outcome": "No", "outcome_index": 1, "size": 8.92857, "price": 0.5599999775999964, "timestamp": 1781537710, "tx_hash": "0xff0e09172b53d5b0b1d4df01fdc9616c0950ca9f284a64a8f7a94539ada942bf"}, {"condition_id": "0xed9de742d756773a02fa1169d25186bae85d14ed268b3e11d97ef34f2d2ba430", "token_id": "65794881715216923685510781517851498591681177279802017791845493931610986464630", "wallet": "0xf8c860fb134ec5514e29366bd117d2483ab97c4c", "side": "BUY", "outcome": "Yes", "outcome_index": 0, "size": 8.92857, "price": 0.4400000224000036, "timestamp": 1781537710, "tx_hash": "0xff0e09172b53d5b0b1d4df01fdc9616c0950ca9f284a64a8f7a94539ada942bf"}, {"condition_id": "0xed9de742d756773a02fa1169d25186bae85d14ed268b3e11d97ef34f2d2ba430", "token_id": "65794881715216923685510781517851498591681177279802017791845493931610986464630", "wallet": "0x2117ae94a97d69b78cbc81b6680a62deb1955c26", "side": "BUY", "outcome": "Yes", "outcome_index": 0, "size": 284.0, "price": 0.45, "timestamp": 1781537626, "tx_hash": "0xd3ba49375311aef2711cff64ee702c91b74508376c4a1fc0afaf5b6d1390ebdc"}, {"condition_id": "0xed9de742d756773a02fa1169d25186bae85d14ed268b3e11d97ef34f2d2ba430", "token_id": "53562257985549649635185293427490671390377096151933235231315443242019359361289", "wallet": "0x204f72f35326db932158cba6adff0b9a1da95e14", "side": "BUY", "outcome": "No", "outcome_index": 1, "size": 246.46, "price": 0.55, "timestamp": 1781537626, "tx_hash": "0xd3ba49375311aef2711cff64ee702c91b74508376c4a1fc0afaf5b6d1390ebdc"}, {"condition_id": "0xed9de742d756773a02fa1169d25186bae85d14ed268b3e11d97ef34f2d2ba430", "token_id": "53562257985549649635185293427490671390377096151933235231315443242019359361289", "wallet": "0x204f72f35326db932158cba6adff0b9a1da95e14", "side": "BUY", "outcome": "No", "outcome_index": 1, "size": 37.54, "price": 0.55, "timestamp": 1781537626, "tx_hash": "0xd3ba49375311aef2711cff64ee702c91b74508376c4a1fc0afaf5b6d1390ebdc"}, {"condition_id": "0xed9de742d756773a02fa1169d25186bae85d14ed268b3e11d97ef34f2d2ba430", "token_id": "65794881715216923685510781517851498591681177279802017791845493931610986464630", "wallet": "0x6ca3c5b321bdc5343c163aad9ef06ce1b997bb21", "side": "BUY", "outcome": "Yes", "outcome_index": 0, "size": 166.666665, "price": 0.4499999985, "timestamp": 1781537305, "tx_hash": "0x07b5c5abf4690a182e6318ae61a5d18d1b028406ec4d2f48db030deaef3d302a"}, {"condition_id": "0xed9de742d756773a02fa1169d25186bae85d14ed268b3e11d97ef34f2d2ba430", "token_id": "53562257985549649635185293427490671390377096151933235231315443242019359361289", "wallet": "0x204f72f35326db932158cba6adff0b9a1da95e14", "side": "BUY", "outcome": "No", "outcome_index": 1, "size": 166.666665, "price": 0.5500000015000001, "timestamp": 1781537305, "tx_hash": "0x07b5c5abf4690a182e6318ae61a5d18d1b028406ec4d2f48db030deaef3d302a"}, {"condition_id": "0xed9de742d756773a02fa1169d25186bae85d14ed268b3e11d97ef34f2d2ba430", "token_id": "65794881715216923685510781517851498591681177279802017791845493931610986464630", "wallet": "0xafc8bc1a32e11e1a4fa3bc93933241f77abf47ef", "side": "BUY", "outcome": "Yes", "outcome_index": 0, "size": 22.222221, "price": 0.4499999797499989, "timestamp": 1781537259, "tx_hash": "0x3f6cc15393e7c064e17a5d741c1558b758923b07417b968f39e73921bb740125"}, {"condition_id": "0xed9de742d756773a02fa1169d25186bae85d14ed268b3e11d97ef34f2d2ba430", "token_id": "53562257985549649635185293427490671390377096151933235231315443242019359361289", "wallet": "0x204f72f35326db932158cba6adff0b9a1da95e14", "side": "BUY", "outcome": "No", "outcome_index": 1, "size": 22.222221, "price": 0.5500000202500012, "timestamp": 1781537259, "tx_hash": "0x3f6cc15393e7c064e17a5d741c1558b758923b07417b968f39e73921bb740125"}, {"condition_id": "0xed9de742d756773a02fa1169d25186bae85d14ed268b3e11d97ef34f2d2ba430", "token_id": "65794881715216923685510781517851498591681177279802017791845493931610986464630", "wallet": "0x15f694f5922c3bdfb511684b73b57d4167e25857", "side": "BUY", "outcome": "Yes", "outcome_index": 0, "size": 65.64, "price": 0.45, "timestamp": 1781536980, "tx_hash": "0x1c300f899107e3ae4b3538f17e97c39217b6760ac18c37d44f1deea340b1cd69"}, {"condition_id": "0xed9de742d756773a02fa1169d25186bae85d14ed268b3e11d97ef34f2d2ba430", "token_id": "53562257985549649635185293427490671390377096151933235231315443242019359361289", "wallet": "0x204f72f35326db932158cba6adff0b9a1da95e14", "side": "BUY", "outcome": "No", "outcome_index": 1, "size": 65.64, "price": 0.55, "timestamp": 1781536980, "tx_hash": "0x1c300f899107e3ae4b3538f17e97c39217b6760ac18c37d44f1deea340b1cd69"}, {"condition_id": "0xed9de742d756773a02fa1169d25186bae85d14ed268b3e11d97ef34f2d2ba430", "token_id": "65794881715216923685510781517851498591681177279802017791845493931610986464630", "wallet": "0xeca667b107b1db1beab1f3f1b1977b6d8a9d8274", "side": "SELL", "outcome": "Yes", "outcome_index": 0, "size": 11.11, "price": 0.44, "timestamp": 1781536686, "tx_hash": "0xc5e8fa4ac752d5e36ca0d0906f1c9070b23416d76af2e95268a130f37723528d"}, {"condition_id": "0xed9de742d756773a02fa1169d25186bae85d14ed268b3e11d97ef34f2d2ba430", "token_id": "65794881715216923685510781517851498591681177279802017791845493931610986464630", "wallet": "0x71389d69bb86385f122e18bb427578f1d70e8c89", "side": "BUY", "outcome": "Yes", "outcome_index": 0, "size": 11.11, "price": 0.44, "timestamp": 1781536686, "tx_hash": "0xc5e8fa4ac752d5e36ca0d0906f1c9070b23416d76af2e95268a130f37723528d"}, {"condition_id": "0xed9de742d756773a02fa1169d25186bae85d14ed268b3e11d97ef34f2d2ba430", "token_id": "53562257985549649635185293427490671390377096151933235231315443242019359361289", "wallet": "0x8e1c011dbfa2db2b5af9b021c56a18f37ab0a9a5", "side": "BUY", "outcome": "No", "outcome_index": 1, "size": 1.785713, "price": 0.559999843199887, "timestamp": 1781536575, "tx_hash": "0x1d8ad10511c407b18f48efbdbe9e6c955cf9486ffbe80a51bd913b4bb102043e"}, {"condition_id": "0xed9de742d756773a02fa1169d25186bae85d14ed268b3e11d97ef34f2d2ba430", "token_id": "65794881715216923685510781517851498591681177279802017791845493931610986464630", "wallet": "0x71389d69bb86385f122e18bb427578f1d70e8c89", "side": "BUY", "outcome": "Yes", "outcome_index": 0, "size": 1.785713, "price": 0.4400001568001129, "timestamp": 1781536575, "tx_hash": "0x1d8ad10511c407b18f48efbdbe9e6c955cf9486ffbe80a51bd913b4bb102043e"}, {"condition_id": "0xed9de742d756773a02fa1169d25186bae85d14ed268b3e11d97ef34f2d2ba430", "token_id": "65794881715216923685510781517851498591681177279802017791845493931610986464630", "wallet": "0x2117ae94a97d69b78cbc81b6680a62deb1955c26", "side": "BUY", "outcome": "Yes", "outcome_index": 0, "size": 229.0, "price": 0.45, "timestamp": 1781536530, "tx_hash": "0x852d80b970d0720453ce318aae012e6da84a3d3d4c58c95e98a202cf42de87e5"}, {"condition_id": "0xed9de742d756773a02fa1169d25186bae85d14ed268b3e11d97ef34f2d2ba430", "token_id": "53562257985549649635185293427490671390377096151933235231315443242019359361289", "wallet": "0x204f72f35326db932158cba6adff0b9a1da95e14", "side": "BUY", "outcome": "No", "outcome_index": 1, "size": 135.92, "price": 0.55, "timestamp": 1781536530, "tx_hash": "0x852d80b970d0720453ce318aae012e6da84a3d3d4c58c95e98a202cf42de87e5"}, {"condition_id": "0xed9de742d756773a02fa1169d25186bae85d14ed268b3e11d97ef34f2d2ba430", "token_id": "53562257985549649635185293427490671390377096151933235231315443242019359361289", "wallet": "0x7d0caf83488431bb760f204d52bdf5246e2fa3b7", "side": "BUY", "outcome": "No", "outcome_index": 1, "size": 7.0, "price": 0.55, "timestamp": 1781536530, "tx_hash": "0x852d80b970d0720453ce318aae012e6da84a3d3d4c58c95e98a202cf42de87e5"}, {"condition_id": "0xed9de742d756773a02fa1169d25186bae85d14ed268b3e11d97ef34f2d2ba430", "token_id": "53562257985549649635185293427490671390377096151933235231315443242019359361289", "wallet": "0xa697d0b3fff7d285a0f92d6ee03a7f97809e59d5", "side": "BUY", "outcome": "No", "outcome_index": 1, "size": 86.08, "price": 0.55, "timestamp": 1781536530, "tx_hash": "0x852d80b970d0720453ce318aae012e6da84a3d3d4c58c95e98a202cf42de87e5"}, {"condition_id": "0xed9de742d756773a02fa1169d25186bae85d14ed268b3e11d97ef34f2d2ba430", "token_id": "65794881715216923685510781517851498591681177279802017791845493931610986464630", "wallet": "0x2117ae94a97d69b78cbc81b6680a62deb1955c26", "side": "BUY", "outcome": "Yes", "outcome_index": 0, "size": 1278.0, "price": 0.45, "timestamp": 1781536483, "tx_hash": "0xdd3f9bf59d1b9f3ffbf440f182a0fa448d713fcffd89e957256e90d2f62973a6"}, {"condition_id": "0xed9de742d756773a02fa1169d25186bae85d14ed268b3e11d97ef34f2d2ba430", "token_id": "53562257985549649635185293427490671390377096151933235231315443242019359361289", "wallet": "0xa697d0b3fff7d285a0f92d6ee03a7f97809e59d5", "side": "BUY", "outcome": "No", "outcome_index": 1, "size": 431.92, "price": 0.55, "timestamp": 1781536483, "tx_hash": "0xdd3f9bf59d1b9f3ffbf440f182a0fa448d713fcffd89e957256e90d2f62973a6"}, {"condition_id": "0xed9de742d756773a02fa1169d25186bae85d14ed268b3e11d97ef34f2d2ba430", "token_id": "53562257985549649635185293427490671390377096151933235231315443242019359361289", "wallet": "0x204f72f35326db932158cba6adff0b9a1da95e14", "side": "BUY", "outcome": "No", "outcome_index": 1, "size": 428.0, "price": 0.55, "timestamp": 1781536483, "tx_hash": "0xdd3f9bf59d1b9f3ffbf440f182a0fa448d713fcffd89e957256e90d2f62973a6"}, {"condition_id": "0xed9de742d756773a02fa1169d25186bae85d14ed268b3e11d97ef34f2d2ba430", "token_id": "53562257985549649635185293427490671390377096151933235231315443242019359361289", "wallet": "0x200ffb575b936d297fcf39076ddf2b476ae07a96", "side": "BUY", "outcome": "No", "outcome_index": 1, "size": 71.0, "price": 0.55, "timestamp": 1781536483, "tx_hash": "0xdd3f9bf59d1b9f3ffbf440f182a0fa448d713fcffd89e957256e90d2f62973a6"}, {"condition_id": "0xed9de742d756773a02fa1169d25186bae85d14ed268b3e11d97ef34f2d2ba430", "token_id": "53562257985549649635185293427490671390377096151933235231315443242019359361289", "wallet": "0x0346afae2603313d2bbee96b628536c8cbe352a5", "side": "BUY", "outcome": "No", "outcome_index": 1, "size": 347.08, "price": 0.55, "timestamp": 1781536483, "tx_hash": "0xdd3f9bf59d1b9f3ffbf440f182a0fa448d713fcffd89e957256e90d2f62973a6"}, {"condition_id": "0xed9de742d756773a02fa1169d25186bae85d14ed268b3e11d97ef34f2d2ba430", "token_id": "65794881715216923685510781517851498591681177279802017791845493931610986464630", "wallet": "0x2117ae94a97d69b78cbc81b6680a62deb1955c26", "side": "BUY", "outcome": "Yes", "outcome_index": 0, "size": 296.0, "price": 0.45, "timestamp": 1781536381, "tx_hash": "0x4b1e56818aa8c3e5484a5efad5be0e2179bf33940233b2dd9efe2803f11ef499"}, {"condition_id": "0xed9de742d756773a02fa1169d25186bae85d14ed268b3e11d97ef34f2d2ba430", "token_id": "53562257985549649635185293427490671390377096151933235231315443242019359361289", "wallet": "0x0346afae2603313d2bbee96b628536c8cbe352a5", "side": "BUY", "outcome": "No", "outcome_index": 1, "size": 296.0, "price": 0.55, "timestamp": 1781536381, "tx_hash": "0x4b1e56818aa8c3e5484a5efad5be0e2179bf33940233b2dd9efe2803f11ef499"}, {"condition_id": "0xed9de742d756773a02fa1169d25186bae85d14ed268b3e11d97ef34f2d2ba430", "token_id": "65794881715216923685510781517851498591681177279802017791845493931610986464630", "wallet": "0x01c55162a5c0bd55cbfe32ad564646bfff38f6f1", "side": "BUY", "outcome": "Yes", "outcome_index": 0, "size": 11.11111, "price": 0.4499999549999955, "timestamp": 1781536092, "tx_hash": "0x491e77e555f3dedf0b86d258b22bb4a668d90090bb59241d85ba2c70d4f77531"}, {"condition_id": "0xed9de742d756773a02fa1169d25186bae85d14ed268b3e11d97ef34f2d2ba430", "token_id": "53562257985549649635185293427490671390377096151933235231315443242019359361289", "wallet": "0x0346afae2603313d2bbee96b628536c8cbe352a5", "side": "BUY", "outcome": "No", "outcome_index": 1, "size": 11.11111, "price": 0.5500000450000045, "timestamp": 1781536092, "tx_hash": "0x491e77e555f3dedf0b86d258b22bb4a668d90090bb59241d85ba2c70d4f77531"}, {"condition_id": "0xed9de742d756773a02fa1169d25186bae85d14ed268b3e11d97ef34f2d2ba430", "token_id": "53562257985549649635185293427490671390377096151933235231315443242019359361289", "wallet": "0x0f4902690951b760c451a8f9dc81d72871359e18", "side": "BUY", "outcome": "No", "outcome_index": 1, "size": 17.7, "price": 0.56, "timestamp": 1781536024, "tx_hash": "0x1abda124e899ced6fefe0dc3e4cfc8bd30a19e45b66a8df4c5c9d589b037285d"}, {"condition_id": "0xed9de742d756773a02fa1169d25186bae85d14ed268b3e11d97ef34f2d2ba430", "token_id": "65794881715216923685510781517851498591681177279802017791845493931610986464630", "wallet": "0x71389d69bb86385f122e18bb427578f1d70e8c89", "side": "BUY", "outcome": "Yes", "outcome_index": 0, "size": 17.7, "price": 0.44, "timestamp": 1781536024, "tx_hash": "0x1abda124e899ced6fefe0dc3e4cfc8bd30a19e45b66a8df4c5c9d589b037285d"}, {"condition_id": "0xed9de742d756773a02fa1169d25186bae85d14ed268b3e11d97ef34f2d2ba430", "token_id": "65794881715216923685510781517851498591681177279802017791845493931610986464630", "wallet": "0x2117ae94a97d69b78cbc81b6680a62deb1955c26", "side": "BUY", "outcome": "Yes", "outcome_index": 0, "size": 228.0, "price": 0.45, "timestamp": 1781535825, "tx_hash": "0x5ff2aa8a5b102288134983e0d5f73a5afb0d1ff60ce053f806b85066d404ce49"}, {"condition_id": "0xed9de742d756773a02fa1169d25186bae85d14ed268b3e11d97ef34f2d2ba430", "token_id": "53562257985549649635185293427490671390377096151933235231315443242019359361289", "wallet": "0x0346afae2603313d2bbee96b628536c8cbe352a5", "side": "BUY", "outcome": "No", "outcome_index": 1, "size": 14.69, "price": 0.55, "timestamp": 1781535825, "tx_hash": "0x5ff2aa8a5b102288134983e0d5f73a5afb0d1ff60ce053f806b85066d404ce49"}, {"condition_id": "0xed9de742d756773a02fa1169d25186bae85d14ed268b3e11d97ef34f2d2ba430", "token_id": "65794881715216923685510781517851498591681177279802017791845493931610986464630", "wallet": "0x28927b7e0ef52d3cd7cdc849e32c5ad2e5fae9d7", "side": "SELL", "outcome": "Yes", "outcome_index": 0, "size": 11.25, "price": 0.45, "timestamp": 1781535825, "tx_hash": "0x5ff2aa8a5b102288134983e0d5f73a5afb0d1ff60ce053f806b85066d404ce49"}, {"condition_id": "0xed9de742d756773a02fa1169d25186bae85d14ed268b3e11d97ef34f2d2ba430", "token_id": "53562257985549649635185293427490671390377096151933235231315443242019359361289", "wallet": "0xdb83e85ffd22faa4009273034770f96ffc5b1e50", "side": "BUY", "outcome": "No", "outcome_index": 1, "size": 120.81, "price": 0.55, "timestamp": 1781535825, "tx_hash": "0x5ff2aa8a5b102288134983e0d5f73a5afb0d1ff60ce053f806b85066d404ce49"}, {"condition_id": "0xed9de742d756773a02fa1169d25186bae85d14ed268b3e11d97ef34f2d2ba430", "token_id": "53562257985549649635185293427490671390377096151933235231315443242019359361289", "wallet": "0x48363a6cd08b9602e9f2e0523c4f9a89d4c4859b", "side": "BUY", "outcome": "No", "outcome_index": 1, "size": 25.0, "price": 0.55, "timestamp": 1781535825, "tx_hash": "0x5ff2aa8a5b102288134983e0d5f73a5afb0d1ff60ce053f806b85066d404ce49"}, {"condition_id": "0xed9de742d756773a02fa1169d25186bae85d14ed268b3e11d97ef34f2d2ba430", "token_id": "53562257985549649635185293427490671390377096151933235231315443242019359361289", "wallet": "0xdb83e85ffd22faa4009273034770f96ffc5b1e50", "side": "BUY", "outcome": "No", "outcome_index": 1, "size": 56.25, "price": 0.55, "timestamp": 1781535825, "tx_hash": "0x5ff2aa8a5b102288134983e0d5f73a5afb0d1ff60ce053f806b85066d404ce49"}, {"condition_id": "0xed9de742d756773a02fa1169d25186bae85d14ed268b3e11d97ef34f2d2ba430", "token_id": "65794881715216923685510781517851498591681177279802017791845493931610986464630", "wallet": "0xa3f5f2bfa55eba98932c5d0ec70b6411ce0f780d", "side": "BUY", "outcome": "Yes", "outcome_index": 0, "size": 22.222221, "price": 0.4499999797499989, "timestamp": 1781535697, "tx_hash": "0x1b93be6bbe44878df13e496abe18397b322bfe16bfe982439bc03d6c0660463c"}, {"condition_id": "0xed9de742d756773a02fa1169d25186bae85d14ed268b3e11d97ef34f2d2ba430", "token_id": "53562257985549649635185293427490671390377096151933235231315443242019359361289", "wallet": "0xdb83e85ffd22faa4009273034770f96ffc5b1e50", "side": "BUY", "outcome": "No", "outcome_index": 1, "size": 22.222221, "price": 0.5500000202500012, "timestamp": 1781535697, "tx_hash": "0x1b93be6bbe44878df13e496abe18397b322bfe16bfe982439bc03d6c0660463c"}, {"condition_id": "0xed9de742d756773a02fa1169d25186bae85d14ed268b3e11d97ef34f2d2ba430", "token_id": "65794881715216923685510781517851498591681177279802017791845493931610986464630", "wallet": "0x2117ae94a97d69b78cbc81b6680a62deb1955c26", "side": "BUY", "outcome": "Yes", "outcome_index": 0, "size": 286.0, "price": 0.45, "timestamp": 1781535370, "tx_hash": "0x8e2b80529abfbc3c485a30a1f08f79da12950b45501814fec1dd15214d191176"}, {"condition_id": "0xed9de742d756773a02fa1169d25186bae85d14ed268b3e11d97ef34f2d2ba430", "token_id": "53562257985549649635185293427490671390377096151933235231315443242019359361289", "wallet": "0xdb83e85ffd22faa4009273034770f96ffc5b1e50", "side": "BUY", "outcome": "No", "outcome_index": 1, "size": 104.68, "price": 0.55, "timestamp": 1781535370, "tx_hash": "0x8e2b80529abfbc3c485a30a1f08f79da12950b45501814fec1dd15214d191176"}, {"condition_id": "0xed9de742d756773a02fa1169d25186bae85d14ed268b3e11d97ef34f2d2ba430", "token_id": "53562257985549649635185293427490671390377096151933235231315443242019359361289", "wallet": "0xdb83e85ffd22faa4009273034770f96ffc5b1e50", "side": "BUY", "outcome": "No", "outcome_index": 1, "size": 181.32, "price": 0.55, "timestamp": 1781535370, "tx_hash": "0x8e2b80529abfbc3c485a30a1f08f79da12950b45501814fec1dd15214d191176"}, {"condition_id": "0xed9de742d756773a02fa1169d25186bae85d14ed268b3e11d97ef34f2d2ba430", "token_id": "65794881715216923685510781517851498591681177279802017791845493931610986464630", "wallet": "0xd03cae83ce7a2e551d853d833c2c78818beec769", "side": "BUY", "outcome": "Yes", "outcome_index": 0, "size": 11.11111, "price": 0.4499999549999955, "timestamp": 1781534662, "tx_hash": "0x12b856720c67b71334008675ab9f02f453f88e259db65fc6a2f1f4df3651cca6"}, {"condition_id": "0xed9de742d756773a02fa1169d25186bae85d14ed268b3e11d97ef34f2d2ba430", "token_id": "53562257985549649635185293427490671390377096151933235231315443242019359361289", "wallet": "0xdb83e85ffd22faa4009273034770f96ffc5b1e50", "side": "BUY", "outcome": "No", "outcome_index": 1, "size": 11.11111, "price": 0.5500000450000045, "timestamp": 1781534662, "tx_hash": "0x12b856720c67b71334008675ab9f02f453f88e259db65fc6a2f1f4df3651cca6"}, {"condition_id": "0xed9de742d756773a02fa1169d25186bae85d14ed268b3e11d97ef34f2d2ba430", "token_id": "65794881715216923685510781517851498591681177279802017791845493931610986464630", "wallet": "0xe9076a87c5ed90ef16e6fe6529c943baeca0cff6", "side": "BUY", "outcome": "Yes", "outcome_index": 0, "size": 21.555554, "price": 0.4499999860824732, "timestamp": 1781534245, "tx_hash": "0x464281a4f50e5d68e890491fae28e8e791d8b712dba3d40d32d6aee8325ab193"}, {"condition_id": "0xed9de742d756773a02fa1169d25186bae85d14ed268b3e11d97ef34f2d2ba430", "token_id": "53562257985549649635185293427490671390377096151933235231315443242019359361289", "wallet": "0xdb83e85ffd22faa4009273034770f96ffc5b1e50", "side": "BUY", "outcome": "No", "outcome_index": 1, "size": 21.555554, "price": 0.5500000139175267, "timestamp": 1781534245, "tx_hash": "0x464281a4f50e5d68e890491fae28e8e791d8b712dba3d40d32d6aee8325ab193"}, {"condition_id": "0xed9de742d756773a02fa1169d25186bae85d14ed268b3e11d97ef34f2d2ba430", "token_id": "65794881715216923685510781517851498591681177279802017791845493931610986464630", "wallet": "0x2117ae94a97d69b78cbc81b6680a62deb1955c26", "side": "BUY", "outcome": "Yes", "outcome_index": 0, "size": 206.0, "price": 0.45, "timestamp": 1781534154, "tx_hash": "0xed820fcaaca9633ebfec04ed8f763f8156e94c512fbd698d6ce83027d3d060d7"}, {"condition_id": "0xed9de742d756773a02fa1169d25186bae85d14ed268b3e11d97ef34f2d2ba430", "token_id": "53562257985549649635185293427490671390377096151933235231315443242019359361289", "wallet": "0xdb83e85ffd22faa4009273034770f96ffc5b1e50", "side": "BUY", "outcome": "No", "outcome_index": 1, "size": 36.22, "price": 0.55, "timestamp": 1781534154, "tx_hash": "0xed820fcaaca9633ebfec04ed8f763f8156e94c512fbd698d6ce83027d3d060d7"}, {"condition_id": "0xed9de742d756773a02fa1169d25186bae85d14ed268b3e11d97ef34f2d2ba430", "token_id": "53562257985549649635185293427490671390377096151933235231315443242019359361289", "wallet": "0x204f72f35326db932158cba6adff0b9a1da95e14", "side": "BUY", "outcome": "No", "outcome_index": 1, "size": 169.78, "price": 0.55, "timestamp": 1781534154, "tx_hash": "0xed820fcaaca9633ebfec04ed8f763f8156e94c512fbd698d6ce83027d3d060d7"}, {"condition_id": "0xed9de742d756773a02fa1169d25186bae85d14ed268b3e11d97ef34f2d2ba430", "token_id": "65794881715216923685510781517851498591681177279802017791845493931610986464630", "wallet": "0x2117ae94a97d69b78cbc81b6680a62deb1955c26", "side": "BUY", "outcome": "Yes", "outcome_index": 0, "size": 285.0, "price": 0.45, "timestamp": 1781533930, "tx_hash": "0xaaea72aa812d3c013be47fc4e9e752c50ceee3044271c394173d484324bc90d5"}, {"condition_id": "0xed9de742d756773a02fa1169d25186bae85d14ed268b3e11d97ef34f2d2ba430", "token_id": "53562257985549649635185293427490671390377096151933235231315443242019359361289", "wallet": "0x204f72f35326db932158cba6adff0b9a1da95e14", "side": "BUY", "outcome": "No", "outcome_index": 1, "size": 257.22, "price": 0.55, "timestamp": 1781533930, "tx_hash": "0xaaea72aa812d3c013be47fc4e9e752c50ceee3044271c394173d484324bc90d5"}, {"condition_id": "0xed9de742d756773a02fa1169d25186bae85d14ed268b3e11d97ef34f2d2ba430", "token_id": "53562257985549649635185293427490671390377096151933235231315443242019359361289", "wallet": "0xdb83e85ffd22faa4009273034770f96ffc5b1e50", "side": "BUY", "outcome": "No", "outcome_index": 1, "size": 27.78, "price": 0.55, "timestamp": 1781533930, "tx_hash": "0xaaea72aa812d3c013be47fc4e9e752c50ceee3044271c394173d484324bc90d5"}, {"condition_id": "0xed9de742d756773a02fa1169d25186bae85d14ed268b3e11d97ef34f2d2ba430", "token_id": "65794881715216923685510781517851498591681177279802017791845493931610986464630", "wallet": "0xe9076a87c5ed90ef16e6fe6529c943baeca0cff6", "side": "BUY", "outcome": "Yes", "outcome_index": 0, "size": 10.777776, "price": 0.4499999814432959, "timestamp": 1781533513, "tx_hash": "0xf20884124feaa79ba17d0be722868d5d6c60c6dafd3c450a0549da5c78f38745"}, {"condition_id": "0xed9de742d756773a02fa1169d25186bae85d14ed268b3e11d97ef34f2d2ba430", "token_id": "53562257985549649635185293427490671390377096151933235231315443242019359361289", "wallet": "0xdb83e85ffd22faa4009273034770f96ffc5b1e50", "side": "BUY", "outcome": "No", "outcome_index": 1, "size": 3.747776, "price": 0.5500000533649824, "timestamp": 1781533513, "tx_hash": "0xf20884124feaa79ba17d0be722868d5d6c60c6dafd3c450a0549da5c78f38745"}, {"condition_id": "0xed9de742d756773a02fa1169d25186bae85d14ed268b3e11d97ef34f2d2ba430", "token_id": "53562257985549649635185293427490671390377096151933235231315443242019359361289", "wallet": "0xdb83e85ffd22faa4009273034770f96ffc5b1e50", "side": "BUY", "outcome": "No", "outcome_index": 1, "size": 7.03, "price": 0.55, "timestamp": 1781533513, "tx_hash": "0xf20884124feaa79ba17d0be722868d5d6c60c6dafd3c450a0549da5c78f38745"}, {"condition_id": "0xed9de742d756773a02fa1169d25186bae85d14ed268b3e11d97ef34f2d2ba430", "token_id": "65794881715216923685510781517851498591681177279802017791845493931610986464630", "wallet": "0x2117ae94a97d69b78cbc81b6680a62deb1955c26", "side": "BUY", "outcome": "Yes", "outcome_index": 0, "size": 529.0, "price": 0.45, "timestamp": 1781532790, "tx_hash": "0xcc2874cc708119f3787cab39c8b90b3f87e2be620a45a5148eba61fe0c0bf5ea"}, {"condition_id": "0xed9de742d756773a02fa1169d25186bae85d14ed268b3e11d97ef34f2d2ba430", "token_id": "53562257985549649635185293427490671390377096151933235231315443242019359361289", "wallet": "0xf79c322fe0b521d338db9a4cea2dbd07460bcb96", "side": "BUY", "outcome": "No", "outcome_index": 1, "size": 6.41, "price": 0.55, "timestamp": 1781532790, "tx_hash": "0xcc2874cc708119f3787cab39c8b90b3f87e2be620a45a5148eba61fe0c0bf5ea"}, {"condition_id": "0xed9de742d756773a02fa1169d25186bae85d14ed268b3e11d97ef34f2d2ba430", "token_id": "53562257985549649635185293427490671390377096151933235231315443242019359361289", "wallet": "0xdb83e85ffd22faa4009273034770f96ffc5b1e50", "side": "BUY", "outcome": "No", "outcome_index": 1, "size": 95.85, "price": 0.55, "timestamp": 1781532790, "tx_hash": "0xcc2874cc708119f3787cab39c8b90b3f87e2be620a45a5148eba61fe0c0bf5ea"}, {"condition_id": "0xed9de742d756773a02fa1169d25186bae85d14ed268b3e11d97ef34f2d2ba430", "token_id": "53562257985549649635185293427490671390377096151933235231315443242019359361289", "wallet": "0x204f72f35326db932158cba6adff0b9a1da95e14", "side": "BUY", "outcome": "No", "outcome_index": 1, "size": 215.0, "price": 0.55, "timestamp": 1781532790, "tx_hash": "0xcc2874cc708119f3787cab39c8b90b3f87e2be620a45a5148eba61fe0c0bf5ea"}, {"condition_id": "0xed9de742d756773a02fa1169d25186bae85d14ed268b3e11d97ef34f2d2ba430", "token_id": "53562257985549649635185293427490671390377096151933235231315443242019359361289", "wallet": "0xdb83e85ffd22faa4009273034770f96ffc5b1e50", "side": "BUY", "outcome": "No", "outcome_index": 1, "size": 52.87, "price": 0.55, "timestamp": 1781532790, "tx_hash": "0xcc2874cc708119f3787cab39c8b90b3f87e2be620a45a5148eba61fe0c0bf5ea"}, {"condition_id": "0xed9de742d756773a02fa1169d25186bae85d14ed268b3e11d97ef34f2d2ba430", "token_id": "53562257985549649635185293427490671390377096151933235231315443242019359361289", "wallet": "0x204f72f35326db932158cba6adff0b9a1da95e14", "side": "BUY", "outcome": "No", "outcome_index": 1, "size": 158.87, "price": 0.55, "timestamp": 1781532790, "tx_hash": "0xcc2874cc708119f3787cab39c8b90b3f87e2be620a45a5148eba61fe0c0bf5ea"}, {"condition_id": "0xed9de742d756773a02fa1169d25186bae85d14ed268b3e11d97ef34f2d2ba430", "token_id": "65794881715216923685510781517851498591681177279802017791845493931610986464630", "wallet": "0xe9076a87c5ed90ef16e6fe6529c943baeca0cff6", "side": "BUY", "outcome": "Yes", "outcome_index": 0, "size": 43.244443, "price": 0.44999999190647455, "timestamp": 1781532693, "tx_hash": "0x49603a0f2574ac1400a408b87b88bb598072424439ce682a91434a2cbe15f88e"}, {"condition_id": "0xed9de742d756773a02fa1169d25186bae85d14ed268b3e11d97ef34f2d2ba430", "token_id": "53562257985549649635185293427490671390377096151933235231315443242019359361289", "wallet": "0x204f72f35326db932158cba6adff0b9a1da95e14", "side": "BUY", "outcome": "No", "outcome_index": 1, "size": 43.244443, "price": 0.5500000080935254, "timestamp": 1781532693, "tx_hash": "0x49603a0f2574ac1400a408b87b88bb598072424439ce682a91434a2cbe15f88e"}, {"condition_id": "0xed9de742d756773a02fa1169d25186bae85d14ed268b3e11d97ef34f2d2ba430", "token_id": "65794881715216923685510781517851498591681177279802017791845493931610986464630", "wallet": "0xe9076a87c5ed90ef16e6fe6529c943baeca0cff6", "side": "BUY", "outcome": "Yes", "outcome_index": 0, "size": 10.777776, "price": 0.4499999814432959, "timestamp": 1781532666, "tx_hash": "0x2e9a6f4cb1aeae7373541fbeab5f4bbf152eb87c86da9d915bd04b608ef5a17e"}, {"condition_id": "0xed9de742d756773a02fa1169d25186bae85d14ed268b3e11d97ef34f2d2ba430", "token_id": "53562257985549649635185293427490671390377096151933235231315443242019359361289", "wallet": "0x204f72f35326db932158cba6adff0b9a1da95e14", "side": "BUY", "outcome": "No", "outcome_index": 1, "size": 9.877776, "price": 0.5500000202474727, "timestamp": 1781532666, "tx_hash": "0x2e9a6f4cb1aeae7373541fbeab5f4bbf152eb87c86da9d915bd04b608ef5a17e"}, {"condition_id": "0xed9de742d756773a02fa1169d25186bae85d14ed268b3e11d97ef34f2d2ba430", "token_id": "53562257985549649635185293427490671390377096151933235231315443242019359361289", "wallet": "0xdb83e85ffd22faa4009273034770f96ffc5b1e50", "side": "BUY", "outcome": "No", "outcome_index": 1, "size": 0.9, "price": 0.55, "timestamp": 1781532666, "tx_hash": "0x2e9a6f4cb1aeae7373541fbeab5f4bbf152eb87c86da9d915bd04b608ef5a17e"}, {"condition_id": "0xed9de742d756773a02fa1169d25186bae85d14ed268b3e11d97ef34f2d2ba430", "token_id": "65794881715216923685510781517851498591681177279802017791845493931610986464630", "wallet": "0x2117ae94a97d69b78cbc81b6680a62deb1955c26", "side": "BUY", "outcome": "Yes", "outcome_index": 0, "size": 283.0, "price": 0.45, "timestamp": 1781532514, "tx_hash": "0xde4bc729f877467abcffff859cbdec8b5e4097115337f1a64c4fecebdefd7390"}, {"condition_id": "0xed9de742d756773a02fa1169d25186bae85d14ed268b3e11d97ef34f2d2ba430", "token_id": "53562257985549649635185293427490671390377096151933235231315443242019359361289", "wallet": "0xdb83e85ffd22faa4009273034770f96ffc5b1e50", "side": "BUY", "outcome": "No", "outcome_index": 1, "size": 141.52, "price": 0.55, "timestamp": 1781532514, "tx_hash": "0xde4bc729f877467abcffff859cbdec8b5e4097115337f1a64c4fecebdefd7390"}, {"condition_id": "0xed9de742d756773a02fa1169d25186bae85d14ed268b3e11d97ef34f2d2ba430", "token_id": "53562257985549649635185293427490671390377096151933235231315443242019359361289", "wallet": "0x204f72f35326db932158cba6adff0b9a1da95e14", "side": "BUY", "outcome": "No", "outcome_index": 1, "size": 141.48, "price": 0.55, "timestamp": 1781532514, "tx_hash": "0xde4bc729f877467abcffff859cbdec8b5e4097115337f1a64c4fecebdefd7390"}, {"condition_id": "0xed9de742d756773a02fa1169d25186bae85d14ed268b3e11d97ef34f2d2ba430", "token_id": "65794881715216923685510781517851498591681177279802017791845493931610986464630", "wallet": "0x2117ae94a97d69b78cbc81b6680a62deb1955c26", "side": "BUY", "outcome": "Yes", "outcome_index": 0, "size": 226.0, "price": 0.45, "timestamp": 1781532214, "tx_hash": "0xd2449b78333d7498547a27857739d9030955308a4a427f38e1814c78eaccfda7"}, {"condition_id": "0xed9de742d756773a02fa1169d25186bae85d14ed268b3e11d97ef34f2d2ba430", "token_id": "53562257985549649635185293427490671390377096151933235231315443242019359361289", "wallet": "0x204f72f35326db932158cba6adff0b9a1da95e14", "side": "BUY", "outcome": "No", "outcome_index": 1, "size": 36.52, "price": 0.55, "timestamp": 1781532214, "tx_hash": "0xd2449b78333d7498547a27857739d9030955308a4a427f38e1814c78eaccfda7"}, {"condition_id": "0xed9de742d756773a02fa1169d25186bae85d14ed268b3e11d97ef34f2d2ba430", "token_id": "53562257985549649635185293427490671390377096151933235231315443242019359361289", "wallet": "0xdb83e85ffd22faa4009273034770f96ffc5b1e50", "side": "BUY", "outcome": "No", "outcome_index": 1, "size": 33.33, "price": 0.55, "timestamp": 1781532214, "tx_hash": "0xd2449b78333d7498547a27857739d9030955308a4a427f38e1814c78eaccfda7"}, {"condition_id": "0xed9de742d756773a02fa1169d25186bae85d14ed268b3e11d97ef34f2d2ba430", "token_id": "53562257985549649635185293427490671390377096151933235231315443242019359361289", "wallet": "0xdb83e85ffd22faa4009273034770f96ffc5b1e50", "side": "BUY", "outcome": "No", "outcome_index": 1, "size": 7.74, "price": 0.55, "timestamp": 1781532214, "tx_hash": "0xd2449b78333d7498547a27857739d9030955308a4a427f38e1814c78eaccfda7"}, {"condition_id": "0xed9de742d756773a02fa1169d25186bae85d14ed268b3e11d97ef34f2d2ba430", "token_id": "53562257985549649635185293427490671390377096151933235231315443242019359361289", "wallet": "0xf79c322fe0b521d338db9a4cea2dbd07460bcb96", "side": "BUY", "outcome": "No", "outcome_index": 1, "size": 25.0, "price": 0.55, "timestamp": 1781532214, "tx_hash": "0xd2449b78333d7498547a27857739d9030955308a4a427f38e1814c78eaccfda7"}, {"condition_id": "0xed9de742d756773a02fa1169d25186bae85d14ed268b3e11d97ef34f2d2ba430", "token_id": "53562257985549649635185293427490671390377096151933235231315443242019359361289", "wallet": "0xdb83e85ffd22faa4009273034770f96ffc5b1e50", "side": "BUY", "outcome": "No", "outcome_index": 1, "size": 86.06, "price": 0.55, "timestamp": 1781532214, "tx_hash": "0xd2449b78333d7498547a27857739d9030955308a4a427f38e1814c78eaccfda7"}, {"condition_id": "0xed9de742d756773a02fa1169d25186bae85d14ed268b3e11d97ef34f2d2ba430", "token_id": "53562257985549649635185293427490671390377096151933235231315443242019359361289", "wallet": "0x204f72f35326db932158cba6adff0b9a1da95e14", "side": "BUY", "outcome": "No", "outcome_index": 1, "size": 37.35, "price": 0.55, "timestamp": 1781532214, "tx_hash": "0xd2449b78333d7498547a27857739d9030955308a4a427f38e1814c78eaccfda7"}, {"condition_id": "0xed9de742d756773a02fa1169d25186bae85d14ed268b3e11d97ef34f2d2ba430", "token_id": "65794881715216923685510781517851498591681177279802017791845493931610986464630", "wallet": "0x2117ae94a97d69b78cbc81b6680a62deb1955c26", "side": "BUY", "outcome": "Yes", "outcome_index": 0, "size": 212.0, "price": 0.45, "timestamp": 1781532010, "tx_hash": "0x31fe602dafe5e149d2b1a19fda68d7001cfed24380b143fab80ce88062827e94"}, {"condition_id": "0xed9de742d756773a02fa1169d25186bae85d14ed268b3e11d97ef34f2d2ba430", "token_id": "53562257985549649635185293427490671390377096151933235231315443242019359361289", "wallet": "0x204f72f35326db932158cba6adff0b9a1da95e14", "side": "BUY", "outcome": "No", "outcome_index": 1, "size": 212.0, "price": 0.55, "timestamp": 1781532010, "tx_hash": "0x31fe602dafe5e149d2b1a19fda68d7001cfed24380b143fab80ce88062827e94"}, {"condition_id": "0xed9de742d756773a02fa1169d25186bae85d14ed268b3e11d97ef34f2d2ba430", "token_id": "65794881715216923685510781517851498591681177279802017791845493931610986464630", "wallet": "0xa8ae2fb989de545c42c376d61ec887868ca57f3e", "side": "BUY", "outcome": "Yes", "outcome_index": 0, "size": 45.75, "price": 0.45, "timestamp": 1781531938, "tx_hash": "0x69c10f616aa27f4cdac8dcbd1097061ed8aeb655efe824e35f4baa40f7d2d14d"}, {"condition_id": "0xed9de742d756773a02fa1169d25186bae85d14ed268b3e11d97ef34f2d2ba430", "token_id": "53562257985549649635185293427490671390377096151933235231315443242019359361289", "wallet": "0x204f72f35326db932158cba6adff0b9a1da95e14", "side": "BUY", "outcome": "No", "outcome_index": 1, "size": 45.75, "price": 0.55, "timestamp": 1781531938, "tx_hash": "0x69c10f616aa27f4cdac8dcbd1097061ed8aeb655efe824e35f4baa40f7d2d14d"}, {"condition_id": "0xed9de742d756773a02fa1169d25186bae85d14ed268b3e11d97ef34f2d2ba430", "token_id": "65794881715216923685510781517851498591681177279802017791845493931610986464630", "wallet": "0xe9076a87c5ed90ef16e6fe6529c943baeca0cff6", "side": "BUY", "outcome": "Yes", "outcome_index": 0, "size": 10.777776, "price": 0.4499999814432959, "timestamp": 1781531878, "tx_hash": "0xd020e2704adf6eeebcf638dcf8735acf93d3a6076beb0cbef9e8fccb0fdbd418"}, {"condition_id": "0xed9de742d756773a02fa1169d25186bae85d14ed268b3e11d97ef34f2d2ba430", "token_id": "53562257985549649635185293427490671390377096151933235231315443242019359361289", "wallet": "0x204f72f35326db932158cba6adff0b9a1da95e14", "side": "BUY", "outcome": "No", "outcome_index": 1, "size": 10.777776, "price": 0.5500000185567041, "timestamp": 1781531878, "tx_hash": "0xd020e2704adf6eeebcf638dcf8735acf93d3a6076beb0cbef9e8fccb0fdbd418"}